3609 5742
1619 437 1863 557 '47-

489 666 958 746 PisthetaeruS,
1030 665 1180 748 quin
1241 667 1479 732 iterum
1543 665 1609 734 in
1654 667 1851 734 hosce
1916 668 2108 737 cados
2169 665 2589 732 inveheretur
2636 669 2705 729 et
2764 660 2984 730 verbis

441 801 448 811 ·
490 781 719 845 ludens
763 779 1209 844 minitaretur:
1279 777 1360 840 wi
1408 781 1656 844 ΚΑΛΩ
1715 771 2091 854 διἀσΚΕΔΩ
2112 819 2149 862 ‚·
2196 779 2385 844 deine
2428 779 2709 860 Kriige
2770 777 2983 844 werde

487 893 591 958 ich
635 892 736 956 dir
779 891 1287 972 zerkriegen,
1337 893 1467 957 ista
1497 911 1651 959 vasa
1702 895 2151 967 „devastabo.“
2204 894 2325 992 Est
2379 893 2558 957 certe
2588 891 2753 957 haee
2780 891 2985 958 futuri

487 1005 796 1088 temporis
839 1003 1042 1070 forma
1087 1005 1266 1070 verbi
1311 1005 1761 1087 ὃιασκεδάννυμι
1830 1015 1897 1074 et
1959 1007 2157 1072 habet
2200 1025 2453 1090 quoque
2502 1005 2757 1074 solitam
2811 1001 2987 1072 disfiss.

428 1123 430 1126 ’
493 1117 703 1184 ciendi
749 1119 1093 1201 notionem,
1142 1119 1258 1183 sed
1294 1138 1418 1184 non
1456 1125 1561 1186 est
1591 1121 1656 1185 in
1689 1119 1811 1188 hac
1842 1121 2273 1186 insistendum
2304 1120 2488 1186 verbi
2534 1115 2987 1196 ὃιαοκεδάννυμι

489 1232 726 1314 radice,
775 1233 1011 1314 quippe
1062 1251 1229 1314 quae
1281 1231 1696 1316 „frangendi“
1765 1236 1893 1301 vim
1941 1220 2067 1300 ιιόιι
2112 1235 2368 1300 habeat.
2440 1233 2619 1312 Quae
2680 1233 2779 1298 vis
2840 1251 2987 1300 cum

494 1327 813 1410 efficiatur
858 1344 995 1409 sola
1039 1345 1251 1426 priore
1298 1346 1481 1411 verbi
1525 1348 1847 1428 particula
1895 1346 2017 1421 διά,
2068 1346 2444 1428 „entzwei,“
2494 1347 2591 1412 ita
2632 1351 2727 1426 ut,
2774 1345 2830 1410 si

492 1458 624 1525 lum
672 1476 935 1522 sensum
983 1464 1262 1540 specteS,
1331 1477 1487 1524 voce
1550 1457 1710 1536 ῥήξω
1779 1462 1885 1527 vel
1948 1455 2077 1533 ἄξω
2139 1477 2300 1542 opus
2366 1477 2494 1524 non
2562 1457 2779 1540 fuerit,
2848 1477 2991 1522 eam

494 1569 742 1638 addidit
785 1574 979 1651 poeta
1049 1569 1229 1646 verbi
1295 1569 1564 1636 formam
1613 1575 1913 1656 „ouadai‘g
1978 1553 2145 1655 quae
2205 1573 2638 1656 praecedenti·
2683 1573 2993 1639 vocabulo

494 1681 658 1744 κάδω
706 1689 884 1748 esset
928 1682 1268 1763 simillima,
1337 1690 1411 1748 ut
1477 1690 1616 1750 toto
1686 1685 1995 1755 vocabulo
2060 1686 2239 1752 velut
2285 1705 2365 1752 ex
2408 1685 2717 1752 adverbio
2769 1682 2879 1780 {a}
2924 1691 2995 1750 et

500 1797 902 1882 substantiyo
979 1794 1165 1864 κάδος
1253 1798 1606 1880 composito
1684 1817 1953 1878 „urceos
2021 1797 2296 1866 fractum
2384 1799 2509 1864 iri“
2579 1797 2993 1880 significaret,

499 1909 737 1990 Quodsi
781 1909 980 1993 igitur
1009 1910 1203 1976 verbo
1236 1909 1622 1982 σκεδαννύναι,
1657 1912 1849 1978 solito
1880 1913 2067 1983 modo
2098 1913 2197 1980 uti
2226 1912 2561 1994 voluisset,
2606 1911 2717 1980 τὰς
2742 1907 2995 1992 ψήφοις

497 2023 791 2105 dixisset,
839 2042 996 2105 quas
1043 2023 1314 2090 tabellas
1361 2025 1430 2088 in
1474 2043 1702 2092 urceos
1753 2025 2057 2108 suffragia
2102 2024 2394 2094 ferentes
2438 2025 2911 2104 immittebant}
2942 2022 2991 2109 ²)

497 2134 718 2208 κάδους
762 2154 932 2210 vero,
961 2138 1294 2220 inquam,
1326 2138 1526 2204 nihilo
1569 2137 1772 2220 magis
1846 2135 2443 2222 πᾶιασκεὸάννυμενῑί,
2506 2145 2698 2222 quam
2762 2150 3016 2230 urceos·

507 2251 970 2336 ᾖ(ἰίεείριιιιιιιε.
957 2251 1012 2298 W
1045 2249 1096 2330 2)

707 2366 944 2447 Vesp.
992 2383 1155 2431 VSS.
1210 2365 1577 2433 156-160

503 2481 853 2548 Φιλοκλέων
963 2481 1023 2538 τί
1067 2476 1304 2556 δράσετ’
1327 2503 1341 2559 ;
1393 2478 1498 2540 οὐκ
1550 2479 1880 2560 ἐκφρήσετ’,
1930 2474 1979 2540 ὦ
2024 2479 2407 2559 μιαρώτατοι,

967 2593 1294 2655 δικάσοντά
1339 2593 1426 2674 μ’,
1471 2593 1597 2656 ἀλλ’
1647 2593 1989 2672 ὲκφερξεται
2036 2598 2474 2674 Δρακοντι’δης,·

499 2704 790 2777 Ξανθίοις.
967 2707 1038 2768 σύ
1091 2710 1159 2780 δὲ
1205 2714 1380 2770 τοῦτο
1425 2711 1658 2790 βαρέως
1703 2706 1776 2769 ἂν
1824 2711 2067 2788 φέροις,·
2119 2711 2257 2775 Φιλ.
2304 2709 2337 2768 ὁ
2386 2706 2503 2790 γάρ
2545 2707 2697 2778 θεὸς
2768 2745 2773 2752 ·

963 2824 1367 2901 μαντευομένῳ
1414 2819 1744 2905 μοῦχρησεν
1791 2827 1850 2883 ἐν
1898 2825 2155 2901 Δελφοῖς
2197 2823 2365 2895 ποτέ,

963 2929 1108 2996 ὅταν
1152 2959 1238 3004 τις
1285 2934 1500 3016 ἐκφύγῃ
1545 2935 1608 3016 μ’
1613 2958 1629 3018 ‚·
1679 2934 2046 3016 ἀποσκλῆναι
2091 2908 2248 2997 τότε.Ι
2667 2938 2807 3003 160.

713 3050 1004 3128 Quantus
1051 3049 1247 3114 fuerit
1292 3049 1758 3132 Aristophanes
1803 3051 1870 3115 in
1917 3049 2311 3118 oraculorum
2380 3051 2781 3149 obscuritate
2848 3052 2994 3117 irri-

509 3163 739 3238 denda,
789 3182 928 3226 cum
975 3182 1160 3228 nemo
1207 3163 1478 3244 ignoret
1528 3182 1655 3230 non
1701 3165 2100 3246 argumentis
2147 3182 2305 3246 opus
2354 3163 2499 3247 erit,
2568 3171 2640 3230 ut
2684 3165 2750 3230 in
2794 3180 2991 3231 versu

509 3275 634 3339 160
678 3275 1019 3341 verborum
1065 3276 1273 3340 lusum
1320 3277 1536 3340 inesse
1585 3279 1893 3344 evincam.
1944 3277 2149 3356 Quem
2195 3295 2453 3343 versum
2500 3297 2643 3342 cum
2677 3277 3001 3351 Xanthiae

505 3388 674 3454 servi
723 3389 1098 3456 exclamatio
1138 3385 1434 3450 Ἄπολλον
1479 3387 1872 3471 ἀποτρόπαιε,
1920 3395 2026 3452 τοῦ
2074 3387 2483 3468 μαντεύματος
2528 3391 2831 3474 excipiat,
2876 3371 3020 3473 qua·

506 3502 819 3583 aptiorem
865 3521 991 3568 non
1051 3507 1311 3584 poterat
1372 3503 1670 3569 invenire
1715 3509 1932 3591 poeta,
2010 3509 2083 3568 ut
2148 3523 2387 3585 eorum,
2434 3505 2568 3588 =qui
2631 3506 3007 3588 spectarent

507 3612 808 3699 fabulam,
856 3615 937 3680 ad
983 3616 1349 3697 ambiguum
1395 3617 1659 3682 verbum
1705 3618 1951 3684 animos
1999 3618 2395 3695 intenderet,
2464 3637 2547 3683 ne
2610 3617 3005 3684 mentionem

509 3730 768 3814 quidem
830 3728 1132 3794 fecissem
1192 3728 1418 3795 foetidi
1477 3731 1640 3812 ioci,
1707 3730 1889 3796 cuius
1951 3731 2196 3796 similes
2258 3731 2430 3798 haud
2496 3748 2728 3812 magno
2776 3709 3051 3804 labore
3122 3813 3131 3824 ,

508 3841 846 3932 impertito
931 3849 1036 3908 sat
1098 3822 1282 3908 multi
1351 3846 1522 3926 apud
1602 3845 2105 3927 Aristophanem
2168 3845 2632 3934 invenirentur,¹
2698 3845 2825 3911 nisi
2884 3849 3010 3914 nm't

509 3956 713 4020 solum
759 3957 1102 4040 Kusterus,
1149 3959 1518 4040 BergleruS,
1553 3959 1806 4041 reliqui,
1857 3977 2125 4040 quorum
2170 3963 2479 4024 annotata
2524 3958 2589 4023 in
2620 3958 2819 4023 Arist.
2852 3972 3012 4026 com.
3096 3991 3099 3994 -

508 4069 620 4134 Im.
667 4070 1006 4140 Bekkerus
1040 4073 1382 4152 congessit,
1431 4075 1554 4138 sed
1579 4074 1776 4140 etiam
1822 4073 2024 4140 Iulius
2070 4072 2438 4150 Richterus,
2482 4090 2894 4155 quamquam,
2944 4073 3001 4146 si

508 4183 788 4253 ludendo
856 4203 1078 4252 verum
1145 4187 1308 4252 velis
1371 4187 1612 4269 dicere,
1673 4186 1815 4253 fere
1890 4207 1929 4252 a
1955 4191 2271 4267 ugustu
2296 4204 2327 4250 s
2384 4185 3019 4268 Aristophanem-um<
3096 4241 3103 4252 .

511 4295 885 4370 facetiarum
933 4298 1184 4365 iudex
1228 4305 1339 4366 est
1379 4299 1823 4373 nominandus,
1870 4299 2139 4364 silentio·
2175 4299 2345 4364 hunc
2376 4299 2587 4364 lusum
2617 4299 3011 4382 praeteri-is*-

513 4415 678 4478 sent.
728 4412 932 4489 Quem
977 4432 1120 4480 cum
1165 4431 1246 4482 ne
1292 4413 1727 4497 Hieronymus-
1771 4412 2033 4494 quidem
2078 4412 2436 4478 Muellerus
2477 4412 2829 4490 sensisset,
2868 4417 3003 4492 eos,

514 4524 622 4608 qui
669 4529 891 4591 essent
934 4526 1166 4594 lecturi
1213 4526 1508 4594 eximiam
1551 4505 1716 4592 hanc
1761 4525 2122 4609 vesparum
2154 4525 2585 4608 comoediam,
2632 4525 2732 4624 his
2753 4532 2759 4538 '
2778 4525 3009 4607 paucis.

716 4721 757 4784 ¹)
795 4719 1000 4786 Quibus
1039 4718 1105 4771 de
1130 4716 1294 4771 rebus
1331 4714 1686 4770 iudicialibus
1725 4715 1924 4784 legisse
1954 4715 2231 4770 iuvabitI.
2258 4714 2541 4769 Richteri
2527 4732 2585 4776 ιιι
2610 4695 2772 4786 Vesp.
2798 4714 3002 4788 proleg.

436 4772 443 4781 ι
491 4818 560 4861 Ὃ.
597 4805 688 4860 IV.
726 4806 1046 4876 praesertim
1083 4821 1208 4876 pag.
1247 4803 1536 4858 128-131.

644 4955 652 4962 ,
727 4894 772 4964 ²)
813 4892 883 4948 ef.
921 4907 1056 4966 quae
1093 4891 1522 4952 Schneidevinus
1561 4892 1629 4950 ad
1665 4890 1825 4966 Soph.
1862 4890 2049 4964 Antig.
2091 4905 2137 4948 v.
2174 4889 2276 4950 287
2316 4889 2663 4948 annotavit.
