3609 5742
1689 643 1774 708 39

491 821 708 886 Hosce
736 837 968 886 versus·
995 819 1088 885 sic
1119 820 1316 886 vertit
1337 821 1693 886 Kusterus:
1741 821 1885 898 „Tu
1928 839 2085 886 vero
2119 819 2420 902 quidnam
2450 817 2665 884 fecisti
2695 819 2987 885 bibendo.

491 933 836 1016 civitatem,
861 951 1039 1015 'quae
1067 932 1452 1014 garrulitate
1499 938 1612 998 tua
1639 934 1901 1000 turbata
1928 931 2181 1013 cogitur
2210 938 2430 998 tacere
2448 932 2524 996 ‘?“
2568 932 2971 1024 Ribbeckusz-

489 1047 682 1126 „Und
726 1064 855 1111 was
901 1046 1054 1110 hast'
1095 1046 1178 1111 du
1223 1045 1610 1126 getrunken,
1675 1046 1823 1110 dass
1880 1065 1951 1111 so
2000 1045 2197 1110 sehon
2244 1063 2316 1139 es
2364 1044 2466 1109 dir
2509 1045 2816 1127 gegliickt
2860 1047 2969 1127 ist,
3057 1057 3062 1062 '

491 1161 597 1236 die
644 1159 851 1240 stadt,
898 1178 1023 1225 von
1069 1159 1173 1224 dir
1209 1157 1406 1224 allein
1437 1159 1849 1242 beschwatzt,
1896 1178 2057 1240 ganz
2089 1159 2459 1224 mausetodt
2502 1178 2581 1222 zu
2610 1158 2880 1224 macheu
2896 1159 2975 1224 ?“

489 1275 604 1340 Th.
651 1275 932 1342 Kockius
989 1275 1075 1341 ad
1133 1277 1314 1335 alnov
1374 1275 1705 1339 annotavit
1725 1273 1779 1336 ’θ’
1830 1271 2401 1352 „instrumentales
2475 1272 2819 1354 Particip,“
2894 1272 2977 1337 ad

488 1386 593 1469 τὴν
637 1386 834 1454 πάλης
884 1387 1318 1470 ‚‚Pr01epsis.“
1948 1401 1957 1406 “

693 1503 853 1568 Alia‘
881 1504 1080 1585 igitur
1124 1501 1235 1566 alii
1280 1501 1478 1568 verba
1521 1501 1883 1566 iunxerunt.
1947 1503 2040 1567 Ac
2086 1502 2408 1568 Kusterus
2466 1500 2745 1584 quidem,
2825 1519 2968 1565 cum

491 1636 618 1684 non
664 1622 910 1682 temere
957 1616 1326 1694 „bibendo“
1357 1614 1778 1698 „civitatem“
1807 1615 1987 1680 iuxta
2016 1617 2326 1698 posuerit,
2375 1618 2555 1676 πίνων
2600 1612 2733 1695 (τὴν
2776 1610 2974 1696 πόλιν)

491 1729 912 1796 exhauriendi
958 1748 1154 1795 sensu
1199 1729 1467 1810 accepit.
1504 1729 1696 1808 'Quae
1742 1730 2082 1795 verborum
2129 1703 2307 1790 πένειν
2354 1734 2422 1794 et
2466 1729 2796 1788 καταπίνειν
2842 1729 2977 1809 sig-

490 1843 794 1921 nificatio,
841 1843 1220 1926 quamquam
1267 1859 1462 1930 saepe
1506 1843 1831 1925 reperitur
1876 1849 1945 1908 et
1989 1830 2109 1908 hoc
2151 1843 2291 1910 loco
2339 1843 2531 1908 etiam
2578 1861 2705 1907 non
2735 1842 2977 1907 medio·

445 1969 450 1972 “
495 1975 666 2022 crem
714 1958 1054 2023 verborum
1101 1957 1310 2022 lusum
1357 1955 1557 2021 efficit
1605 1993 1688 2004 --·
1732 1957 2119 2039 praesertim
2182 1975 2324 2021 cum
2384 1957 2445 2014 τί
2506 1954 2607 2014 δαὶ
2638 1953 2831 2018 facile
2896 1953 2988 2018 ad*

496 2075 841 2150 πεποίηκας,
890 2065 1040 2131 ὥστε
1085 2073 1202 2133 κτλ.
1258 2069 1582 2136 referatur
1626 2105 1708 2118 -·-—
1756 2075 1972 2135 tamen
2019 2069 2356 2152 participio
2402 2067 2981 2148 κατεγλωττισμένην,

499 2186 669 2266 quod
712 2186 978 2250 verbum
1042 2186 1124 2250 ad
1191 2184 1688 2264 reconditiorem
1759 2183 2139 2266 plerumque
2210 2183 2604 2264 voluptatem
2672 2181 2979 2264 pertinet,

493 2297 795 2379 adducor,
841 2302 914 2363 ut
961 2299 1160 2363 etiam
1205 2299 1386 2358 πίνων
1431 2295 1534 2377 τὴν
1579 2295 1752 2357 πόλιν
1796 2298 1985 2378 longe
2034 2297 2159 2362 alio
2206 2314 2401 2361 sensu
2448 2295 2687 2359 dictum
2737 2300 2988 2376 putem,

491 2415 690 2492 atque
735 2411 828 2476 illi
875 2411 1234 2477 voluerunt.
1327 2411 1706 2493 Quicunque
1737 2410 2249 2493 Aristophanicis
2285 2409 2497 2474 literis
2528 2408 2833 2473 imbutus·
2862 2413 2987 2485 est,

492 2522 682 2589 facile
727 2525 885 2590 Rau.
932 2543 1025 2590 vs.
1077 2524 1206 2588 740
1248 2524 1714 2591 recordabitur.

694 2638 1062 2720 Interrogat
1105 2637 1305 2720 igitur
1349 2637 1668 2704 isiciarius
1715 2638 2015 2719 idemque
2061 2639 2144 2704 ad
2192 2638 2592 2720 interrogata
2620 2649 2741 2720 pe'r
2767 2636 2983 2702 lusum

493 2753 862 2835 respondet,
908 2751 1006 2816 ita
1047 2757 1118 2816 ut
1167 2752 1622 2835 nequissimam
1671 2751 2309 2834 sordidissimamque
2342 2752 2598 2818 Cle-onis
2646 2751 2978 2816 audaciam

496 2866 729 2948 acerbe
776 2865 1193 2948 perstringat.
2886 2857 2891 2863 ”

704 2978 892 3060 Equ.
938 2997 1044 3045 vs,
1091 2978 1240 3042 407.
1313 3007 1316 3012 ·
2501 3037 2509 3058 ,

702 3093 974 3156 Dixerat
1020 3092 1252 3157 chorus
1300 3109 1375 3156 se
1417 3085 1726 3158 Cleonem
1774 3093 1995 3160 odisse
2044 3099 2110 3159 et
2158 3111 2231 3158 se
2276 3094 2643 3175 gavisurum
2708 3093 2877 3176 esse,
2928 3092 2982 3159 si

498 3206 772 3288 quande,
817 3223 982 3289 quae
1029 3206 1356 3272 commoda
1401 3207 1584 3272 malis
1631 3207 1879 3272 artibus
1926 3207 2377 3291 quaesivisset,
2426 3209 2509 3274 iis
2554 3208 2722 3273 male
2768 3208 2984 3290 priva-

496 3325 704 3400 retur3
779 3325 915 3384 tum
975 3319 1156 3385 addit
1213 3339 1338 3385 uon
1404 3339 1476 3384 se
1538 3317 1742 3385 solum
1797 3326 2201 3386 cantaturum
2250 3339 2397 3386 esse
2474 3329 2620 3402 πῖνε,
2699 3311 2816 3380 ae'u‘v'
2878 3321 2991 3380 ἐπὶ
3048 3359 3061 3378 x

497 3423 868 3512 ἁυμφοραῖς,
947 3433 1062 3497 Sed
1141 3434 1335 3498 etiam
1414 3431 1518 3492 τὸν
1585 3430 1859 3508 Ἰουλίου,
1964 3435 2205 3513 γέροντα
2288 3437 2665 3515 πυῤῥοπίπην
2738 3432 2980 3514 ἡσθώντ’

499 3548 872 3628 ἰηπαιωνίσαι
915 3541 1004 3610 ἄν.

713 3657 832 3720 Τὸν
877 3656 1112 3720 Ἰουλίου
1177 3678 1303 3725 non
1375 3663 1495 3741 est,
1573 3661 1703 3742 qui·
1742 3647 1863 3726 hac
1926 3667 2145 3726 aetate
2214 3661 2551 3744 defendat3
2620 3680 2766 3727 nam
2814 3663 2984 3745 quod

498 3773 863 3840 Meinekius
909 3772 1268 3838 in-Vindic.
1301 3772 1623 3856 Aristoph.
1657 3774 1762 3838 lib.
1797 3795 1860 3856 p.
1908 3773 1993 3864 56
2024 3777 2392 3858 proposuit:
2446 3780 2607 3856 „To'v
2654 3778 2983 3851 Βουλίουίῑ,

498 3889 597 3952 W.
645 3886 1016 3952 Ribbeckus
1064 3892 1148 3966 et,
1199 3889 1306 3970 qui
1353 3888 1515 3952 hanc
1578 3889 1969 3954 comoediam
2030 3890 2200 3971 apud
2244 3890 2702 3955 Weidmannos
2760 3889 2985 3974 edidit;

499 4002 610 4066 Th.
657 4001 961 4082 KockiuS,
1010 4006 1258 4066 tantum
1305 4021 1430 4067 non
1477 4003 1542 4066 in
1589 4007 1837 4066 textum
1868 4009 2274 4086 receperunt.
2324 4004 2606 4082 Quorum'
2640 4022 2779 4070 cum
2813 4004 2982 4070 alter

498 4120 684 4181 vetus
745 4116 1138 4198 paroemium
1184 4115 1497 4194 attulerit,
1569 4133 1694 4196 quo
1753 4115 1922 4180 hunc
1965 4117 2173 4181 locum
2238 4117 2608 4200 explicaret,
2684 4118 2983 4198 ηΒουλιάς

501 4226 787 4302 δικάζει“,
834 4229 1002 4293 alter
1046 4228 1456 4292 consentiens
1505 4247 1645 4292 cum
1691 4229 1800 4294 illo
1868 4231 2167 4294 verterit:
2242 4231 2370 4314 „Er
2435 4232 2525 4296 ist
2593 4232 2710 4296 der
2766 4231 2979 4312 Manu,

407 4329 413 4335 ’
501 4343 616 4409 der
660 4333 886 4408 immer
929 4341 1116 4424 will,“
1166 4341 1303 4406 fere
1351 4341 1556 4421 doleo,
1605 4343 1774 4424 quod
1820 4343 2205 4425 MeinekiuS,
2273 4345 2426 4426 quid
2489 4364 2654 4410 nova
2698 4345 2980 4409 lectione

501 4457 698 4523 vellet
743 4455 1110 4538 significari,
1167 4474 1293 4519 non
1349 4454 1642 4536 pluribus
1703 4457 2008 4522 ostendit.
2084 4457 2219 4539 Ego
2290 4459 2458 4522 enim
2526 4478 2653 4525 non
2729 4457 2809 4521 de
2856 4437 2981 4524 uno

391 4564 397 4573 “
498 4571 666 4637 Bulii
714 4570 862 4649 filio,
912 4569 1200 4655 quisquis
1245 4567 1355 4633 ille
1403 4574 1562 4649 erat,
1611 4569 1987 4652 cogitabam,
2052 4573 2169 4636 sed
2233 4577 2455 4639 totam-
2482 4569 2705 4652 βουλήν
2768 4570 2980 4652 desig-

459 4663 463 4667 *
499 4687 638 4771 nari
683 4683 1060 4750 existimavi.
1112 4681 1324 4762 Quid?
1371 4699 1511 4747 cum
1559 4701 1686 4747 una
1730 4684 1921 4748 Demi
1964 4701 2242 4767 persona
2286 4686 2485 4752 totius
2531 4686 2750 4771 populi
2780 4687 2981 4750 Athe-

500 4800 740 4866 niensis
786 4802 1006 4881 parte's
1052 4801 1224 4880 agat,
1270 4815 1388 4878 per
1418 4815 1612 4860 unum
1643 4796 1822 4862 illum
1854 4797 2023 4862 Bulii
2064 4798 2263 4864 filium
2296 4799 2514 4880 βουλήν
2562 4805 2631 4864 et
2663 4797 2985 4880 βουλευτάς

496 4919 690 4996 ¹poeta
734 4929 860 4976 non
919 4910 1206 4992 potuerit
1265 4909 1671 4990 significare?
1732 4912 2019 4990 Accedit,
2089 4913 2259 4996 quod
2318 4913 2385 4977 in
2446 4931 2572 4977 vss.
2644 4913 2792 4996 395,
2854 4911 2982 4976 396

499 5027 640 5113 ipse
687 5026 840 5092 Cleo
887 5007 1179 5106 magnam
1224 5024 1402 5088 illam
1449 5023 1855 5090 buleutarum
1903 5025 1968 5091 in
2016 5045 2087 5094 se
2132 5028 2406 5109 gratiam
2438 5027 2729 5106 iactavit,
2772 5027 2869 5091 ita
2910 5032 2983 5096 ut
