3609 5742
1609 578 1688 642 13

407 771 593 834 quam
669 754 868 818 multa
942 754 1369 834 enumeravit,
1455 755 1684 836 quibus
1760 754 2028 836 reliquis
2106 752 2577 818 comoediarum
2680 751 2893 832 poetis

407 866 774 947 excelleret,
821 862 978 946 κάγώ
1025 865 1130 958 μὲν
1174 866 1400 949 inquit,
1466 871 1737 936 τοιοῦτος
1771 862 1936 946 ἀνήρ
1981 862 2065 926 οόν
2114 864 2183 926 οὔ
2230 870 2395 944 κομῶ
2440 866 2533 948 (in
2578 883 2669 929 vs.
2716 863 2893 948 545).

407 979 585 1056 Dixit
608 979 825 1062 igitur,
873 980 1159 1061 quamvis
1191 986 1560 1061 praestaret
1591 981 1831 1046 ceteris
1863 985 2024 1060 arte,
2060 978 2424 1060 superbiam
2456 983 2673 1043 tamen
2704 978 2895 1059 longe

405 1114 445 1160 a
491 1111 562 1158 se
595 1093 845 1159 abesse.
895 1091 1251 1174 Superbum
1285 1094 1456 1158 enim
1486 1099 1786 1175 putamus
1820 1111 1987 1173 esse,
2034 1109 2476 1174 quemcunque
2507 1095 2696 1169 κομᾶν
2740 1091 2894 1170 dici-

405 1225 562 1272 muS.
615 1207 756 1285 Qua
803 1206 866 1269 in
913 1224 1069 1272 voce
1117 1224 1257 1271 cum
1304 1206 1461 1271 insit
1503 1213 1849 1290 praeterea
1894 1205 2021 1271 alia
2088 1221 2293 1286 eaque
2359 1205 2619 1286 propria
2681 1204 2893 1270 crines

405 1319 823 1402 promittendi
870 1319 1078 1402 notio,
1148 1319 1382 1384 salsum
1449 1319 1522 1384 fit
1581 1325 1874 1404 repente,
1945 1319 2113 1401 quod
2157 1322 2347 1396 κομᾶν
2390 1315 2573 1378 αὐτόν
2616 1317 2895 1400 negavit.

415 1432 674 1508 Calvum
723 1431 894 1496 enim
943 1432 1069 1497 iam
1115 1436 1249 1496 tum
1295 1434 1605 1516 temporis
1651 1431 1852 1499 fuisse
1898 1431 2391 1514 Aristophanem
2453 1430 2627 1496 inter
2671 1447 2893 1496 omnes

417 1550 688 1610 constat.
2252 1553 2260 1558 '

617 1658 858 1723 Addam
901 1658 1078 1723 hisce
1139 1677 1332 1738 unum
1391 1677 1648 1726 versum
1707 1659 1910 1739 PaciS,
1961 1675 2127 1741 quae
2171 1657 2563 1736 inscribitur,
2634 1673 2887 1722 comoe-
2974 1707 2981 1712 .

409 1772 553 1838 diae
605 1771 790 1836 1286.

618 1903 739 1968 Est
783 1901 915 1968 illic
960 1902 1156 1980 locuS,
1236 1921 1360 1984 quo
1420 1903 1571 1968 inde
1635 1922 1675 1968 a
1733 1921 1825 1967 VS.
1911 1901 2077 1966 1270
2134 1901 2457 1967 Homerus
2514 1899 2909 1980 exagitaturs

411 2015 648 2097 leporis
696 2016 945 2098 plenus
995 2016 1206 2097 Atque
1251 2015 1424 2080 inter
1486 2014 1632 2095 alia,
1682 2032 1847 2097 quae
1904 2015 2093 2097 pueri
2162 2013 2418 2096 quidam
2482 2011 2548 2076 in
2610 2011 2896 2077 convivio

411 2128 714 2210 recitant,
759 2128 917 2192 haec
964 2146 1216 2210 quoque
1261 2127 1611 2216 habentur:

829 2255 1214 2337 (θωρήσσοντ’
1262 2253 1357 2335 ἄρ’
1406 2255 1603 2319 ἔπειτα
1647 2259 2027 2336 πεπαυμένοι,

422 2407 562 2452 cum
611 2389 912 2472 (epulari)
961 2390 1328 2471 desiissent,
1377 2391 1808 2456 armabantur.
1860 2390 2390 2473 Trygaeus'verO,
2438 2389 2543 2472 qui
2592 2394 2899 2453 canentes

411 2479 734 2583 audiebat,
779 2522 905 2567 non
952 2499 1194 2582 ἄσμενοι
1245 2501 1408 2582 οἶμαι
1455 2503 1581 2568 illis
1613 2505 2079 2586 respondisset,
2125 2504 2249 2568 nisi
2296 2499 2696 2596 θωρήσσοντο
2744 2502 2899 2567 illud

409 2615 766 2696 longe'alio
815 2635 1010 2681 sensu
1041 2617 1434 2699 accepisset;
1481 2615 1923 2695 θωρήσσεσθαι
1969 2618 2136 2681 enim
2187 2622 2288 2680 est
2334 2618 2530 2681 etiam
2575 2620 2799 2696 potare
2834 2620 2902 2680 et

413 2730 656 2794 ebrium
747 2729 908 2795 fieri.
959 2731 1062 2795 Sic
1107 2731 1305 2811 igitur
1350 2733 1460 2794 ille
1505 2729 1826 2795 intellexit
1871 2748 2126 2795 versum
2182 2729 2379 2794 1286:
2450 2730 2605 2794 Cum
2654 2727 2898 2810 epulari

412 2823 780 2924 desiissent,
827 2845 907 2908 ad
952 2845 1178 2926 pocula
1224 2864 1330 2909 res
1377 2845 1653 2910 devenit.

624 2973 773 3037 Tria
791 2975 989 3054 igitur
1006 2975 1441 3056 expedivimus
1461 2975 1849 3055 singularum
1868 2993 2088 3038 vocum
2122 2975 2555 3056 ambiguarum
2592 2974 2899 3056 exempla.

417 3087 595 3164 Quae
641 3104 828 3152 voces
876 3106 1017 3151 cum
1050 3106 1127 3150 ex
1175 3088 1448 3152 omnium
1497 3106 1615 3151 usu
1653 3092 1720 3150 et
1765 3085 1903 3150 fere
1936 3093 2167 3152 natura
2212 3087 2499 3180 sua-sint
2543 3087 2909 3176 ambiguae,-

413 3201 504 3264 ita
549 3183 640 3263 ut'
680 3202 946 3259 σπονδαί
1001 3218 1256 3282 semper
1286 3206 1398 3264 aut
1458 3202 1796 3266 libationes
1846 3207 1958 3267 aut
2003 3201 2289 3268 indutiae
2350 3201 2664 3279 dicantur,
2710 3203 2901 3276 κομᾶν

415 3313 621 3376 crines
669 3312 1044 3400 promittere
1107 3313 1422 3394 simulque
1473 3315 1818 3396 superbum
1867 3334 2011 3380 esse
2060 3314 2396 3396 significet,
2460 3310 2901 3391 θωρήσσεσθαι

413 3430 524 3489 aut
583 3425 662 3489 de
724 3425 917 3490 armis
999 3426 1327 3507 capiendis
1390 3433 1738 3508 usurpetur
1799 3435 1912 3492 aut
1987 3447 2183 3492 sensu
2244 3427 2325 3492 ad
2387 3425 2899 3492 comissationem
2994 3407 3007 3418 ”

419 3538 753 3613 translatO,
801 3557 928 3603 non
975 3539 1185 3603 minus
1230 3537 1365 3603 fere
1413 3540 1617 3620 ipsius
1663 3540 1921 3622 linguae
1985 3539 2283 3618 indolem,
2347 3557 2510 3622 quae
2562 3539 2677 3603 has
2724 3537 2919 3632 saec--

418 3651 546 3715 tias
597 3657 828 3733 poetae
899 3651 1502 3731 subministraverit,
1573 3672 1760 3734 quam
1806 3653 2255 3735 Aristophanis
2323 3651 2674 3718 sollertiam
2724 3651 2937 3723 cele-‚

421 3764 770 3844 brabimuS,
819 3763 922 3845 qui
983 3781 1208 3845 spa-rsa
1253 3783 1443 3828 manu
1487 3765 1666 3846 larga
1713 3766 2038 3830 uberrimo
2085 3765 2340 3846 ingenio
2388 3765 2655 3846 recepit,
2717 3763 2896 3844 fovit,

420 3876 715 3942 excoluit.
763 3877 999 3942 Verum
1046 3876 1250 3958 magis
1298 3877 1493 3941 etiam
1541 3882 1773 3960 poetae
1820 3884 2027 3944 artem
2096 3878 2501 3957 admiramur,
2550 3879 2681 3958 ubi,
2729 3895 2894 3960 quae

345 4015 356 4031 ¹
411 3995 642 4054 natura
689 3995 908 4054 carent
952 3988 1392 4070 ambiguitate,
1439 3995 1710 4072 repente
1770 3991 1917 4071 alio,
1964 4010 2039 4057 ac
2084 3991 2435 4074 putaveriS,
2492 4009 2686 4056 sensu
2731 3990 2897 4056 acci-

411 4119 566 4183 pere
615 4103 884 4183 cogeriS.
2896 4079 2899 4086 ¹

613 4231 829 4296 Veluti
877 4231 932 4296 si
980 4233 1121 4314 quis
1170 4233 1380 4298 lovem
1429 4234 1640 4299 omnia
1701 4234 2082 4316 intuentem,
2161 4235 2318 4300 nihil
2378 4254 2504 4301 non
2573 4234 2897 4300 videntem

423 4345 841 4426 imprecetur:

825 4468 872 4536 ὦ
917 4479 1034 4536 Ζεῦ
1081 4473 1298 4538 διόπτα
1341 4478 1437 4538 καὶ
1482 4475 1754 4540 κατόπτα
1797 4483 2068 4560 πανταχῆ

419 4606 577 4671 nihil
627 4611 732 4671 est
776 4607 1046 4687 omnin0,
1118 4607 1287 4687 quod
1346 4626 1471 4672 non
1533 4607 1619 4672 sit
1663 4609 1949 4689 graviter
1993 4609 2280 4688 .dictum,
2352 4607 2511 4674 nihil
2585 4608 2913 4691 profecto,-

413 4737 536 4801 quo
583 4738 706 4784 non
753 4721 961 4801 possit
1007 4721 1143 4786 sive
1175 4720 1591 4802 PhilocteteS,
1639 4738 1755 4786 seu
1805 4722 2007 4787 mavis
2057 4721 2343 4803 Oedipus
2388 4721 2651 4786 deorum
2699 4722 2895 4788 homi·

414 4849 694 4914 numque
740 4832 944 4914 patris
1014 4850 1200 4914 opem
1268 4833 1585 4899 invocare.
1655 4834 1749 4899 Tu
1818 4853 1973 4904 vero
2018 4834 2469 4903 Acharnenses
2537 4833 2760 4904 evolve
2828 4840 2899 4902 et

411 4944 616 5014 recita
661 4963 888 5014 versus
934 4943 1086 5010 inde
1130 4965 1170 5014 a
1213 4944 1374 5016 430:
