3609 5742
1790 497 1877 566 34

592 676 977 759 pensabant,
1023 675 1168 758 ipse
1212 673 1538 740 Philocleo
1584 675 1760 740 inter
1789 675 1907 740 hos
1938 691 2231 741 annonae
2266 672 2636 756 praefectos
2668 672 3081 755 recipiendus

596 794 739 856 erat
784 825 863 838 ·-·
913 792 1056 854 erat
1102 787 1272 852 enim
1316 787 1423 854 vel
1468 784 1830 866 δριμύτατός
1876 811 1962 858 τις
2006 785 2209 867 κριτής
2254 822 2337 837 -
2383 786 2542 852 nihil
2586 791 2811 854 nostra
2854 785 3077 866 refert,

594 907 669 968 ut
713 902 909 968 verba
954 899 1141 974 ξενίας
1171 895 1400 978 φεύγων
1443 901 1804 965 accuratius
1850 898 2371 984 interpretemur.
2416 900 2543 966 Pei·
2588 917 2661 966 se
2692 900 2862 965 enim
2891 899 3083 983 plana

595 1020 766 1096 sunt,
812 1033 932 1079 nec
977 1012 1268 1096 pluribus
1289 1005 1295 1012 ’
1316 1032 1476 1097 opus
1525 1019 1646 1080 est.
1693 1013 1806 1080 Sin
1851 1020 2069 1080 autem
2116 1017 2352 1090 κριθῶν
2400 1031 2553 1079 vero
2602 1031 2799 1080 sensu
2844 1005 3081 1096 accipi-

595 1147 738 1196 mus
788 1135 856 1195 et
899 1129 1108 1210 ipsam
1152 1125 1342 1195 huius
1405 1113 1726 1196 vocabuli
1757 1129 1824 1194 in
1892 1129 2019 1196 fine
2085 1128 2289 1194 totius
2358 1127 2725 1194 sententiae
2790 1127 3083 1194 collocati

566 1243 722 1312 xvim
769 1246 839 1306 et
883 1241 1105 1306 sedem
1152 1240 1654 1322 consideramuS,
1701 1261 1828 1309 non
1876 1242 2261 1322 dubitamus,
2310 1240 2462 1323 quin
2494 1245 2687 1324 poeta
2714 1241 3081 1323 egentiores

599 1356 774 1426 cives
835 1355 944 1421 vili
1005 1354 1266 1438 hordeo,
1328 1355 1600 1422 ditiores
1660 1356 1899 1436 tritico,
1946 1363 2176 1436 πυροῖς,
2251 1356 2521 1422 donatos
2598 1353 3078 1437 significaverit.

599 1468 778 1548 Quae
843 1473 1094 1533 tantum
1160 1468 1365 1533 virum
1435 1473 1612 1533 certe
1682 1488 1807 1534 non
1875 1468 2239 1550 latuerunt3
2304 1469 2478 1552 apud
2544 1468 2847 1537 Bothium
2913 1471 3085 1537 enim

595 1582 917 1664 leguntur,
965 1582 1073 1665 qui
1119 1581 1280 1647 haec
1324 1583 1690 1652 annotavit:
1740 1583 1991 1664 „Igitur
2036 1583 2277 1666 triplici
2323 1565 2479 1650 tum
2504 1582 2733 1648 fraude
2778 1584 3085 1666 populum

602 1696 1159 1763 circumvenerant
1201 1695 1468 1779 pessimi
1515 1696 1887 1777 demagogi:
1956 1695 2233 1778 primum
2309 1717 2435 1766 non
2500 1696 2847 1778 frument0,
2919 1699 3085 1781 quod

595 1810 980 1893 promissum
1026 1814 1186 1890 erat,
1234 1809 1600 1889 dividendo,
1647 1809 1762 1874 sed
1807 1809 2071 1889 hordeo,
2128 1816 2263 1876 tum
2312 1815 2496 1893 sqq.“
2569 1811 2751 1890 Quae
2813 1811 3081 1893 diligen-

600 1923 729 1989 tius
789 1921 928 1988 fere
997 1923 1193 1989 etiam
1269 1941 1309 1987 a
1377 1922 1712 2006 Droyseno
1788 1929 2057 1988 exarata
2124 1924 2439 2006 reperies,
2510 1923 2721 1992 Taceo
2781 1924 3085 2007 reliquos

598 2039 889 2119 Benigne
924 2038 1094 2102 enim
1138 2037 1281 2119 ipse
1326 2037 1374 2102 I.
1405 2036 1750 2104 Richterus
1784 2038 2117 2118 concedet,
2164 2039 2331 2104 sein
2363 2038 2725 2120 indagando
2771 2038 2890 2104 hoc
2936 2038 3083 2103 lusu

599 2153 788 2218 nimis
834 2150 957 2217 sibi
1001 2150 1376 2217 indulsisse:

807 2290 1295 2373 Nonnunquam,
1343 2295 1568 2374 utpote
1613 2291 1680 2357 in
1738 2309 1811 2356 re
1864 2290 2141 2376 difflcili,
2182 2293 2325 2375 ipse
2368 2292 2418 2356 Ι.
2466 2291 2829 2371 RichteruS,
2876 2297 3093 2358 utrum·

596 2405 807 2470 lusum
851 2404 1066 2470 verbis
1113 2408 1436 2469 statueret
1479 2404 1797 2469 contineri
1842 2422 1965 2470 nec
2009 2423 2111 2486 ne,
2161 2406 2499 2473 dubitavit.
2559 2405 2738 2471 Haec
2780 2406 2958 2470 enim
3004 2405 3086 2469 ad

595 2507 813 2602 Vesp.'
837 2535 964 2584 vss,
1014 2517 1362 2583 493—495
1407 2519 1776 2585 annotavit:
1846 2517 2061 2599 „Nota
2130 2537 2384 2602 quoque
2452 2517 2657 2601 χάσκει
2732 2524 2801 2584 et
2862 2515 3090 2599 χαλαροὶ

581 2633 868 2699 ‘vicina.“

809 2772 883 2836 In
932 2772 1227 2838 versibus
1276 2772 1403 2836 276
1449 2778 1519 2838 et
1563 2771 1712 2852 432,
1763 2773 1874 2854 qui
1921 2776 2103 2868 sunt:

1022 2881 1060 2966 ἢ
1105 2883 1438 2967 προσέκοψ’
1487 2889 1546 2945 ἐν
1840 2967 1843 2969 Δ

1019 3004 1101 3076 τῷ
1150 2996 1345 3077 σκότῳ
1393 2997 1500 3059 τὸν
1546 2996 1839 3060 δάκτυλόν
1884 3021 2000 3059 που

587 3101 666 3177 ¹el:
712 3116 767 3172 οἱ
813 3113 880 3172 δὲ
925 3109 1279 3192 τῷφθαλμώ
1326 3111 1513 3190 κύκλῳ
1561 3120 1800 3174 κεντεῖτε
1846 3087 1942 3173 καὶ
1988 3109 2127 3182 τοὺς
2172 3113 2496 3183 δακτύλους
2542 3132 2762 3179 Vocem
2804 3111 3094 3181 δάκτυλος

602 3227 966 3308 ambiguam
1011 3227 1280 3309 putavit.
1306 3229 1357 3310 1)
1408 3228 1586 3306 Quae
1632 3210 1773 3293 non⁴
1808 3227 2014 3310 magis
2060 3233 2333 3310 possunt
2365 3228 2645 3308 concedi,
2703 3247 2890 3312 quam
2928 3245 3090 3308 quae

598 3341 679 3405 ad
725 3339 910 3406 Pacis
965 3359 1092 3406 VSS.
1165 3341 1287 3404 717
1367 3337 1580 3424 (βουλή
1662 3378 1742 3388 -
1812 3339 2013 3427 βοῦς),
2094 3341 2257 3404 1007
2331 3342 2554 3425 (1017)
2620 3339 2941 3422 (μάχαιραν
3010 3376 3090 3386 —-·

601 3454 994 3547 μαγειρικῶς),
1049 3454 1224 3517 1029
1263 3453 1490 3540 (1036)
1540 3455 1733 3537 (ταυτὶ
1781 3454 2114 3536 δέδραται),
2168 3454 2333 3517 1299
2382 3453 2608 3539 (1306)
2681 3453 2864 3534 (φλᾶν
2908 3457 3095 3514 ταῦτα

608 3561 952 3628 πάντακαῐ
997 3567 1271 3656 σποδεῖν)
1319 3569 1399 3633 de
1430 3569 1696 3648 lusibus,
1749 3569 1859 3650 qui
1906 3568 2005 3632 his
2052 3568 2117 3632 in
2163 3567 2376 3632 verbis
2424 3567 2839 3649 haberentur,
2888 3567 3092 3632 disse-

605 3681 753 3747 ruit.
821 3682 1049 3764 Neque
1095 3686 1312 3746 tamen
1373 3681 1474 3746 his
1535 3683 1603 3748 in
1669 3683 1969 3748 versibus
2036 3680 2438 3745 illustrandis
2507 3680 2802 3748 morabor
2878 3717 2952 3728 --·
3015 3680 3096 3745 ad

603 3793 795 3860 finem
826 3795 996 3859 enim
1028 3803 1302 3877 propero
1351 3832 1429 3841 —-
1481 3795 1595 3860 sed
1628 3796 1710 3861 ad
1745 3813 1856 3862 eos
1889 3814 2117 3861 versus
2150 3812 2424 3880 pergere
2457 3795 2661 3860 satius
2697 3799 2817 3876 est,
2867 3795 3095 3878 quibus

604 3907 1018 3994 explicandis,
1039 3885 1280 3991 'operae
1326 3909 1606 3990 pretium
1653 3908 1871 3975 facere
1904 3910 2144 3975 videar.
2193 3909 2453 3992 Etenim
2486 3908 2611 3975 duo
2644 3913 2796 3975 sunt
2825 3915 3089 3991 praeter

600 4021 739 4101 hos,
787 4019 868 4086 de
916 4021 1144 4102 quibus
1209 4021 1474 4102 egimuS,
1524 4041 1775 4103 versus,
1851 4041 2010 4105 quos
2060 4023 2106 4088 Ι.
2154 4022 2501 4087 Richterus
2548 4021 2879 4103 ambiguos
2949 4040 3095 4088 esse

604 4133 874 4199 censuit.
926 4135 1096 4213 Quos
1144 4135 1542 4216 perscribam
1588 4135 1938 4218 diligenter
1984 4141 2178 4219 atque
2226 4136 2399 4202 illico
2445 4136 2591 4202 Pac.
2624 4153 2747 4202 vss.
2802 4133 3097 4202 12—21:

608 4277 730 4335 Οἱκ.
758 4273 842 4338 Α.
942 4277 1035 4341 12.
1113 4277 1332 4355 ἑτέραν,
1379 4276 1579 4354 ἑτέραν
1623 4271 1732 4344 δὸς
1774 4275 1994 4346 παιδὸς
2034 4273 2446 4359 ἡταιρηκότος·

1121 4389 1494 4470 τετριμμένης
1537 4388 1648 4471 γάρ
1694 4412 1871 4472 φησιν
1919 4394 2246 4470 ἐπιθυμεῖν.

825 4689 866 4755 ¹)
909 4687 978 4742 cf.
1025 4687 1270 4742 Richteri
1308 4687 1435 4744 Pac.
1497 4689 1600 4744 123
1647 4733 1671 4757 „
1705 4733 1715 4744 .
1756 4731 1770 4745 .
1810 4727 1821 4741 .
1865 4730 1879 4745 .
1918 4729 1932 4744 .
1976 4688 2206 4758 denique
2243 4689 2457 4744 videtur
2492 4687 2593 4742 hoc
2628 4687 2748 4744 loco
2788 4703 2944 4742 sensu
2982 4688 3099 4742 obs·
3168 4713 3183 4724 -

607 4790 768 4862 coeno
821 4775 1024 4830 dictum
1075 4791 1190 4832 esse
1241 4779 1412 4830 totum
1448 4794 1546 4848 pro
1581 4780 1734 4848 parte
1773 4778 2022 4848 idemque
2058 4777 2404 4848 significare„
2426 4778 2573 4850 quod
2608 4775 2884 4834 δάκτυλοι·
2943 4790 2990 4830 e.
3042 4791 3099 4846 g.

605 4863 665 4917 ni
702 4862 864 4916 fallor
903 4861 1062 4934 Vesp.
1103 4863 1226 4931 276,
1261 4864 1422 4924 *132⁴st
1450 4900 1465 4913 .
