3609 5742
1850 629 1886 692 7

828 798 1310 866 Nobilissimum
1356 820 1509 866 vero
1555 802 1726 867 inter
1771 821 1870 882 ea,
1919 820 2084 885 quae
2130 802 2270 866 iure
2315 801 2439 864 huc
2485 798 2873 878 referuntur,
2937 797 3109 863 face-

624 915 854 980 tiarum
899 905 1141 994 genera
1185 949 1269 959 —
1317 918 1468 977 sunt
1501 915 1690 994 enim,
1738 921 1813 980 ut
1846 915 1973 980 dixi
2006 920 2180 994 ante,
2228 931 2353 979 non
2384 931 2608 995 pauca,
2657 917 2725 976 et
2768 911 2888 978 hoc
2918 929 3113 976 unum

623 1045 660 1091 e
687 1026 1100 1108 reliquorum
1148 1026 1356 1106 turba,
1421 1025 1656 1109 quippe
1722 1029 1787 1093 iu
1860 1047 1985 1109 quo
2032 1025 2498 1108 Aristophanes
2564 1030 2827 1109 praeter
2894 1041 3115 1090 omnes

625 1145 818 1208 esset·
849 1118 1140 1219 multuS,¹
1183 1140 1519 1220 segregavi
1571 1145 1639 1204 et
1682 1141 1833 1205 huic
1879 1141 2018 1206 loco
2084 1139 2413 1205 reservavi
2479 1175 2566 1184 -—
2633 1138 3114 1216 nobilissimum,

567 1337 576 1348 ,
623 1256 882 1335 inquam
928 1252 1244 1334 longeque
1293 1252 1782 1317 celeberrimum
1831 1258 1935 1318 est
1979 1252 2319 1337 irrisionis.
2394 1252 2565 1330 Quot
2608 1251 2719 1315 ille
2754 1250 3115 1315 mendaciis

627 1367 976 1447 Socratem,
1025 1371 1181 1447 quot
1227 1364 1557 1432 calumniis
1604 1366 1977 1449 Euripidem
2024 1366 2293 1449 petivit!
2360 1365 2773 1447 Quantopere
2825 1365 2894 1428 in
2946 1366 3113 1446 Aga-

625 1482 820 1546 thone
866 1481 1184 1562 turpicula
1229 1482 1543 1563 quaedam
1589 1481 1804 1546 auxit!
1877 1481 2044 1560 Quid
2091 1481 2298 1545 dicam
2347 1479 2427 1544 de
2476 1479 2738 1559 Cleone,
2810 1477 2874 1542 in
2924 1497 3115 1561 quem

627 1612 1048 1676 quaecunque
1097 1599 1249 1658 sunt
1281 1595 1564 1660 convicia
1597 1595 1919 1660 coniecit?
1967 1593 2132 1672 Quid
2179 1593 2261 1658 de
2292 1595 2592 1658 universo
2623 1590 3116 1657 Atheniensium

626 1707 903 1790 populo?
973 1707 1109 1784 Quo
1155 1707 1298 1771 illos
1345 1707 1579 1789 probro
1625 1726 1751 1773 non
1798 1708 2195 1788 exagitavit?
2266 1705 2430 1784 Quid
2494 1704 2662 1787 quod
2708 1704 2813 1768 vel
2857 1703 2947 1768 dii
2994 1705 3113 1766 im-

623 1820 926 1884 mortales
971 1819 1332 1885 hominibus
1381 1820 1763 1887 documento
1810 1825 2016 1902 erant,
2063 1841 2189 1886 non
2237 1838 2384 1885 esse
2426 1837 2828 1903 quemquam,
2877 1819 2984 1900 qui
3030 1819 3109 1883 ab

623 1934 855 1998 acerbo
925 1939 1118 2016 poeta
1180 1935 1432 1999 veniam
1502 1934 1919 2018 impetraret!
1992 1934 2159 2013 Quid
2226 1935 2425 2016 igitur
2492 1934 2743 2007 mirum,
2812 1933 2868 1996 si
2915 1933 3109 1996 etiam

628 2047 797 2128 apud
843 2047 1220 2112 scholiastas
1267 2048 1470 2113 multa
1513 2049 1825 2132 reperias,
1898 2067 2061 2130 quae
2132 2049 2215 2112 ad
2283 2048 2348 2112 id
2415 2065 2619 2129 genus
2682 2045 3058 2128 pertineant
3082 2045 3160 2108 ⁴?-

621 2161 938 2238 Κωμῳὸεἴ,
983 2160 1254 2242 legimus
1287 2163 1468 2243 apud’
1488 2162 1650 2242 illos,
1700 2167 1768 2228 et
1814 2161 2087 2232 σκώπτει,
2136 2157 2457 2240 διαβάλλει,
2505 2135 2789 2242 χλευάζει,
2836 2156 3120 2234 διασύρει,

621 2279 945 2351 κατηγορεῖ,
991 2271 1382 2348 καθάπτεται,
1428 2271 1718 2348 ὀνειδίζει,
1767 2272 2086 2356 ἐκακίζετο,
2136 2274 2216 2343 ὠς
2262 2270 2831 2352 συκοφαντούμενος,
2880 2270 3118 2351 ἀναμω-

623 2382 883 2462 κώμενος
926 2387 1088 2464 λέγει,
1136 2384 1484 2466 σαρκασμός
1531 2391 1671 2470 ἐστι,
1714 2385 2089 2466 εἰρωνεύεται,
2138 2387 2390 2452 Similia.

829 2519 1042 2599 Atque
1087 2523 1357 2582 utuntur
1400 2519 1501 2584 his
1547 2519 1762 2584 verbis
1812 2519 2216 2598 scholiastae,
2266 2537 2405 2583 cum
2432 2511 2897 2599 Aristophanes
2946 2515 3116 2581 cele-

622 2629 968 2696 berrimum
1003 2649 1324 2712 quemque
1364 2631 1566 2696 virum
1601 2632 1969 2700 criminibus
2012 2631 2243 2713 arguit,
2300 2631 2636 2714 peculatus
2678 2629 3119 2711 demagogum,

621 2743 1065 2827 philosophum
1111 2745 1526 2826 argutiarum,
1597 2744 1910 2810 mollitiae
1958 2749 2215 2827 poetam
2263 2749 2333 2809 et
2371 2743 2465 2808 ita
2512 2743 2791 2826 quidem,
2863 2746 2937 2806 ut
2982 2761 3106 2808 non

623 2875 660 2920 e
705 2856 920 2922 verbis
969 2857 1373 2938 quibusdam,
1441 2875 1605 2940 quae
1654 2859 1829 2922 seria
1877 2875 2023 2923 esse
2070 2862 2345 2939 possunt
2387 2855 2779 2939 minimeque
2825 2855 3117 2934 ridicula,

623 2969 737 3036 sed
785 2989 822 3034 e
867 2989 940 3035 re
987 2971 1258 3052 quadam
1305 2990 1428 3036 non
1491 2969 1640 3035 ficta
1684 2971 1891 3050 modo,
1963 2971 2080 3036 sed
2126 2970 2327 3035 etiam
2391 2974 2652 3035 narrata
2723 2970 3117 3051 voluptatem
3161 2977 3167 2982 '

619 3084 1000 3166 plerumque
1046 3083 1497 3167 percipiamus,

733 3283 738 3288 ,
802 3215 945 3310 ,(1.)
993 3215 1395 3281 Contrarium
1443 3219 1620 3282 certe
1667 3214 1758 3296 fit,
1806 3217 1919 3282 ubi
1962 3221 2157 3298 poeta
2203 3234 2395 3282 voces
2443 3215 2752 3298 quasdam
2800 3220 2914 3282 aut
2958 3214 3119 3281 mire

627 3326 972 3409 detorquet
1016 3334 1129 3393 aut
1161 3311 1356 3395 ‘nova
1421 3328 1612 3411 plane
1667 3329 1977 3396 vocabula
2044 3329 2326 3396 mirabili
2394 3348 2534 3394 cum
2596 3328 2865 3394 audacia
2908 3327 3121 3410 fingit3

623 3438 755 3506 illic
811 3441 982 3509 enim
1042 3443 1110 3506 in
1169 3443 1364 3508 rebus
1433 3441 1945 3524 repraesentatis
2014 3443 2213 3510 totius
2276 3442 2398 3508 loci
2463 3442 2651 3509 cardo
2718 3441 3119 3520 versabatur,

622 3552 822 3617 verba
863 3551 1130 3618 fortuita
1175 3560 1380 3636 erant,
1447 3561 1559 3621 aut
1604 3556 1860 3620 etiamsi
1922 3576 2056 3622 non·
2112 3557 2254 3621 sine
2316 3561 2457 3622 arte
2516 3554 2835 3637 quaesita,
2906 3559 3121 3620 tamen

624 3665 749 3730 alia
793 3665 922 3730 illis
967 3667 1273 3732 substitui
1319 3672 1650 3750 poterant;
1719 3668 1825 3734 hic
1888 3669 1954 3734 in
2022 3669 2464 3751 ipsisverbis,
2531 3667 2597 3733 in
2664 3668 3119 3735 vocabulorum

623 3782 739 3844 aut
781 3777 1000 3852 formis
1043 3784 1156 3845 aut
1201 3779 1376 3845 sonis
1421 3779 1598 3846 intus
1643 3782 1918 3847 haerent
1962 3783 2143 3848 attici
2206 3782 2299 3847 illi
2369 3783 2560 3858 sales,
2636 3800 2799 3866 quos
2866 3781 3120 3846 etiamsi

624 3880 912 3974 nequeas
959 3893 1324 3974 degustare,
1373 3895 1524 3976 quin
1578 3895 1704 3960 vim
1759 3895 1950 3961 simul
1980 3897 2435 3979 notionemque
2468 3878 2807 3962 verborum
2862 3898 2930 3961 et
2975 3914 3119 3961 ver-

625 4023 735 4070 sus
783 4007 1172 4072 sententiam
1235 4007 1568 4090 respicias,
1642 4001 1858 4074 tamen
1906 4029 2034 4075 una
2102 4029 2245 4076 cum
2314 4009 2536 4075 formis
2590 3995 2991 4076 ‘evanescere
3054 4012 3123 4072 et

624 4119 826 4184 veluti
871 4119 1187 4185 deflorere
1235 4121 1502 4186 senties.
1551 4121 1712 4186 Nam
1764 4123 1965 4205 quod,
2018 4123 2503 4206 quibuscunque
2564 4123 2781 4188 verbis
2854 4121 3113 4201 dixeris,

623 4230 902 4297 facetum
973 4239 1188 4299 tamen
1254 4242 1374 4315 est,
1445 4255 1514 4300 re
1587 4236 1983 4316 continetur-3
2052 4238 2223 4318 quod
2289 4235 2555 4302 mutatis
2625 4235 2841 4301 verbis
2912 4235 3111 4299 salem

623 4346 884 4427 amittit,
929 4348 994 4412 in
1041 4349 1278 4430 verbiS,
1324 4355 1396 4414 ut
1441 4349 1534 4414 ait
1580 4349 1847 4429 TulliuS,
1874 4349 1924 4434 ¹)
1974 4350 2168 4415 habet
2214 4350 2501 4446 leporem
2547 4367 2822 4414 omnem.

797 4477 1032 4554 Quam
1079 4477 1316 4542 leviter
1362 4479 1774 4563 Strepsiades
1822 4481 1930 4546 ille
1978 4481 2044 4546 in
2088 4481 2367 4546 Nubium
2416 4499 2611 4545 versu
2662 4473 2829 4544 1206
2874 4478 3109 4561 gloria·

623 4586 874 4654 bundus
945 4596 1013 4655 et
1073 4597 1359 4656 suasmet
1417 4593 1618 4675 ipsius
1665 4594 1891 4659 laudes
1938 4599 2313 4660 cantaturus
2362 4615 2401 4660 a
2446 4593 2637 4660 solita
2681 4593 2980 4658 nominisx
3014 4593 3116 4658 sui

625 4700 830 4766 forma
876 4702 1186 4770 declinat!

851 4997 884 5067 ¹)
923 4997 988 5052 de
1028 5011 1102 5052 or.
1138 4997 1224 5054 62,
1265 4996 1384 5060 252,

773 5091 804 5112 ⁴
