3609 5742
1801 645 1842 707 ὃ

577 823 727 884 sunt
786 815 1062 900 negotia.
1143 819 1320 898 Quae
1377 820 1421 883 ii
1486 819 1800 900 viderint,
1873 821 1979 903 qui
2054 819 2133 882 de
2192 815 2638 899 Aristophanis
2702 815 2935 882 fabulis
2997 816 3061 882 in

578 948 832 997 scenam
881 938 950 996 et
996 932 1349 997 commissis
1397 938 1464 996 et
1513 932 1985 998 committendis
2048 929 2370 995 scribendi
2438 928 2719 994 laborem
2784 931 3061 995 nobilem

579 1050 1030 1136 susceperunt3
1080 1045 1398 1126 scripturo
1446 1046 1597 1110 mihi
1644 1047 1723 1110 de
1772 1047 2110 1111 verborum
2156 1044 2301 1108 lusu
2347 1044 2515 1124 apud
2566 1042 3063 1124 Aristophanem

583 1159 663 1222 ad
735 1176 926 1222 voces
989 1157 1132 1221 illas
1207 1158 1605 1236 redeundum
1677 1163 1821 1238 est,
1910 1176 2068 1240 quas
2141 1177 2176 1220 e
2241 1157 2603 1222 scholiastis
2673 1155 3063 1236 colligebam

581 1270 858 1356 Quarum
909 1288 1212 1335 numerus
1259 1271 1577 1335 nonnullis
1625 1276 1883 1352 poterat
1926 1270 2168 1351 augeri,
2216 1287 2335 1333 nec
2380 1287 2533 1333 vero
2582 1269 2870 1350 pluribus
2906 1288 3065 1351 opus

582 1389 742 1448 erat.
804 1384 965 1448 Nam
1011 1390 1462 1466 praeterquam
1491 1384 1679 1464 quod
1725 1388 1878 1449 sunt
1922 1383 2027 1447 vel
2081 1383 2254 1447 inter
2311 1381 2475 1463 illas,
2547 1400 2704 1464 quas
2751 1381 2815 1445 in
2864 1383 3065 1463 expli-

582 1497 780 1566 cando
837 1503 950 1562 aut
993 1497 1273 1579 tripudio
1342 1502 1454 1560 aut
1522 1496 1806 1578 quolibet
1873 1501 2063 1578 gestu
2130 1494 2397 1559 ridiculo
2462 1494 2671 1576 possis
2739 1463 3065 1574 adhibere,

579 1608 828 1690 longam
879 1609 1409 1674 enumerabamus
1458 1629 1675 1674 earum
1723 1611 1980 1689 seriem,
2029 1626 2202 1690 quae,
2242 1609 2601 1688 generatim
2635 1612 2881 1672 tantum
2930 1609 3068 1690 capi

581 1721 868 1786 nonnihil
916 1741 950 1787 e
1000 1701 1212 1786 verbis
1261 1721 1638 1805 quibusdam
1685 1718 2132 1787 oblectationis
2179 1720 2563 1785 adumbrant
2607 1723 2829 1801 magiS,
2880 1741 3068 1804 quam

583 1839 938 1916 exponunt3
987 1853 1151 1916 quae
1197 1839 1384 1900 Sunt:
1462 1833 1675 1908 παίζει,
1737 1832 1949 1894 παιδιά
1996 1837 2135 1906 ἐστι,
2183 1835 2406 1913 γελοίου
2453 1830 2637 1914 χάριν,
2685 1826 2900 1912 ἥδιστα
2946 1837 3071 1894 δια-

581 1948 819 2024 λέγεται,
867 1949 1197 2023 αἰνίττεται,
1246 1945 1510 2020 ἀστείως,
1565 1945 1897 2028 χαριέντως,
1958 1942 2337 2026 ἀλαζονικῶς,
2403 1950 2716 2026 φορτικῶς,
2764 1943 3070 2025 γελοιάζει,

581 2056 1013 2140 χαριεντίζεται,
1061 2063 1140 2128 εἰς
1185 2055 1430 2137 αὔξησιν
1468 2063 1573 2138 τῆς
1617 2061 1953 2138 κωμῳδίας,
2000 2065 2421 2135 προςποιεῒται.

791 2173 1006 2255 Atque
1054 2171 1344 2253 exempla
1390 2173 1724 2254 quaedam,
1774 2172 2104 2256 (11111611υο
2151 2176 2467 2254 spectent,
2530 2171 2762 2238 afferre
2810 2173 3066 2238 etiamsi

585 2285 776 2350 facile
823 2287 1138 2364 videatur,
1209 2290 1425 2350 tamen
1492 2303 1617 2349 non
1695 2286 1821 2350 erit
1865 2285 2110 2350 inutile.
2158 2285 2371 2351 Ranas
2440 2285 2637 2367 igitur
2683 2285 3069 2351 evolvamus,

583 2399 762 2524 Dicit
806 2399 871 2463 in
916 2417 1042 2464 vss.
1091 2397 1374 2460 21--23
1389 2399 1434 2480 ¹)
1478 2398 1827 2482 Dionysus:

1001 2510 1102 2573 εἶτ’
1151 2511 1258 2594 οὐχ
1302 2507 1472 2592 ὕβρις
1517 2511 1679 2575 ταῦτ’
1730 2515 1854 2574 ἐστὶ
1899 2514 1997 2572 καὶ
2041 2510 2229 2600 πολλῆ
2275 2508 2487 2590 τρυφή,

1000 2621 1088 2687 ὅτ’
1137 2625 1245 2704 ἐγώ
1292 2627 1396 2704 μὲν
1441 2623 1520 2686 ὠν
1556 2625 1874 2698 Διόνυσος,
1921 2622 2095 2693 υιὸς
2140 2625 2560 2703 Σταμνίου,

1003 2737 1184 2808 αὐτὸς
1229 2737 1462 2820 βαδίζω
1510 2740 1604 2798 καὶ
1650 2743 1836 2812 πονῶ,
1880 2743 2094 2799 τοῦτον
2128 2735 2193 2804 ,δ’
2243 2735 2364 2818 ὀχῶ
2408 2739 2527 2798 κτλ.

793 2850 868 2916 111
913 2850 1170 2916 scholiis
1216 2852 1378 2916 haec
1422 2853 1817 2934 reperimus:

796 2966 1048 3042 σταμνία
1107 2966 1202 3024 καὶ
1267 2962 1562 3042 στάμνους
1629 2965 1726 3024 καὶ
1773 2961 2066 3043 ἀμφορεῖς
2110 2966 2217 3024 τοῦ
2265 2957 2425 3022 οἴνου
2474 2965 2679 3042 φασίν·
2767 2961 2965 3033 παίζει
3011 2961 3079 3022 δὲ

591 3069 717 3152 ἅμα
775 3077 872 3136 καὶ
933 3074 1086 3166 πρὸς
1146 3074 1213 3136 τὸ
1265 3081 1461 3159 σχῆμα
1507 3070 1599 3136 ὅτι
1643 3074 1771 3145 υἱός
1818 3080 1931 3155 εἰμι
1976 3081 2279 3154 σταμνίου.
2363 3071 2600 3146 Ἄλλως.
2677 3074 2909 3148 ἔπαιξεν
2957 3077 3079 3135 ἐπεὶ

590 3189 622 3250 ὁ
669 3187 926 3268 κέραμος
972 3193 1030 3249 ἐν
1076 3191 1261 3265 ἑαυτῷ
1308 3187 1748 3267 βασταζειτόν
1794 3186 1954 3248 οἶνον
1998 3181 2199 3266 ὥσπερ
2244 3191 2435 3248 παῖδα
2479 3190 2577 3248 καὶ
2620 3189 2839 3267 τρέφει.

797 3303 1150 3368 Annotavit
1194 3302 1397 3383 igitur
1444 3302 1790 3367 scholiasta
1837 3299 2049 3367 verbis
2110 3299 2236 3370 υἱὸς
2282 3304 2583 3378 Σταμνίου
2642 3302 2843 3366 risum
2902 3300 3077 3366 cieri.

591 3417 756 3480 Num
805 3434 956 3480 vero
1005 3420 1156 3481 sunt
1200 3416 1343 3498 ipsa
1387 3415 1548 3480 haec
1593 3417 1793 3481 verba
1838 3417 2153 3480 ridicula?
2199 3416 2668 3496 annonidem
2712 3418 3080 3479 remaneret

592 3529 793 3603 iocuS‚
859 3518 1112 3593 etiamsi
1176 3532 1289 3592 aut
1334 3530 1543 3588 Πίθου
1590 3533 1703 3592 aut
1747 3526 2095 3606 Ἀμφορέως
2140 3525 2269 3588 υἱόν
2312 3527 2563 3592 Baccho
2624 3546 2855 3600 nomen
2916 3527 3079 3591 indi-

594 3640 840 3706 disset?
885 3641 1047 3704 Puto
1096 3641 1419 3723 equidem.¹
1479 3641 1621 3706 Non
1667 3643 1812 3723 ipsa
1855 3641 2056 3721 igitur
2101 3641 2298 3705 verba
2344 3621 2470 3708 vid}
2516 3642 2819 3716 Σταμνίου
2864 3640 3079 3704 riden-

593 3760 730 3834 tur3
781 3755 919 3848 ‘sed
986 3755 1134 3818 dum
1180 3754 1340 3819 haec
1406 3756 1604 3820 verba
1659 3756 1971 3835 audimuS,
2044 3754 2429 3836 cogitatione
2501 3754 2678 3819 velut
2743 3731 3082 3834 imaginem

595 3867 909 3948 quandam
949 3869 1562 3949 comprehendimus,
1612 3876 1680 3934 et
1725 3870 1893 3951 quod
1926 3869 2228 3934 celeriter
2259 3867 2676 3950 fingebamuS,
2708 3868 2816 3934 ubi
2850 3886 3081 3932 vanum

595 3998 741 4045 esse
784 3985 853 4044 et
897 3981 1146 4045 ratione
1180 4000 1402 4074 carere
1433 3981 1886 4060 intelleximuS,
1934 3983 2236 4046 ridemus.
2288 3983 2475 4047 Risus
2523 3983 2722 4063 igitur
2751 4000 2876 4046 non
2927 3999 2963 4044 e
3008 3998 3081 4044 re

597 4095 868 4177 quadam
917 4101 1094 4160 ortus
1142 4100 1245 4160 est
1291 4132 1364 4140 -—
1417 4096 1506 4159 nil
1552 4096 1720 4160 enim
1765 4095 1963 4160 fiebat
2008 4098 2074 4160 in
2136 4113 2349 4176 scena,
2396 4096 2486 4160 nil
2532 4096 2863 4176 agebatur,
2915 4092 3086 4174 quod

601 4214 780 4273 esset
825 4185 1166 4273 ridiculum
1217 4245 1296 4254 --
1367 4210 1483 4274 sed
1528 4208 1679 4274 ficta
1725 4210 2036 4292 quaedam
2085 4227 2190 4274 res
2238 4209 2451 4274 verbis
2500 4207 3081 4287 circumscribitur3

599 4341 787 4404 quam
819 4321 873 4386 si
906 4330 1021 4398 eos
1053 4341 1176 4404 quo
1219 4323 1359 4404 ipse
1390 4327 1582 4404 poeta
1612 4322 1817 4397 finxit,
1864 4323 2049 4387 modo
2080 4321 2546 4401 refinxerimus,
2594 4305 2963 4384 ridebimus,

805 4433 1308 4499 Acharnensium
1357 4434 1748 4500 comoediam
1796 4434 2050 4500 evolve!
2098 4433 2553 4518 Amphitheum
2603 4433 2780 4496 videt
2810 4433 3088 4510 Dicaeo-

598 4546 760 4629 polis
807 4544 1290 4612 Lacedaemone
1337 4552 1798 4613 accurrentem.
1878 4552 2085 4626 Χαῖρε,
2135 4546 2361 4628 inquit,
2408 4543 2715 4624 Ἀμφίθεε.
2810 4544 2928 4610 Cui
2972 4544 3084 4608 ille

601 4659 692 4741 (in
740 4678 830 4724 VS.
887 4659 1072 4746 176):
1121 4659 1380 4740 μήπωγε,
1427 4663 1563 4738 πρίν
1608 4655 1656 4738 y’
1707 4655 1778 4719 ἂν
1825 4664 1946 4719 στῶ
1992 4660 2229 4740 τρέχων.

820 4851 853 4917 Ι)
892 4849 1273 4920 Aristophanis
1312 4863 1497 4904 versus
1537 4849 1855 4905 denotabam
1904 4865 1931 4901 e
1984 4825 2357 4901 Teubneriana
2408 4846 2503 4901 Th.
2559 4843 2794 4916 Bergkii
2844 4845 3085 4901 editione

603 4935 738 5008 quae
776 4940 830 4992 in
880 4955 1129 4992 versuum
1181 4939 1578 5008 computatione
1635 4955 1666 4992 a
1720 4935 2073 4992 Dindorfiana
2126 4933 2443 5004 (Lipsiensi,
2499 4937 2639 5004 poet.
2676 4950 2819 4988 scen.
2879 4935 3089 5004 graec.)

602 5026 714 5081 fere
750 5043 854 5080 non
895 5028 1180 5098 discrepat.
