3609 5742
1818 643 1902 710 38
1932 640 1955 722 ,’

1702 723 1805 742 -λ-

609 817 933 898 magis-ter.
985 815 1098 884 Sin
1145 822 1361 884 autem
1407 802 1895 901 Aristophanes,
1946 825 2018 884 ut
2067 795 2225 886 dicit
2268 815 2399 898 ille,
2448 818 2707 900 scripsit
2776 811 2825 878 ὦ
2872 817 3103 900 χρόνιος

607 927 800 992 ἐλθών
827 935 958 1012 ’σῆς
1005 929 1312 1011 δάμαρτος
1360 928 1615 1014 ἐσχάρας
1663 939 1748 1016 et,
1801 939 1874 998 ut
1922 931 2219 1014 equidem
2265 936 2443 1014 puto,
2503 931 2937 1000 Athenienses
2982 933 3101 1010 hac

608 1063 834 1115 versus
881 1045 1166 1112 clausula
1209 1044 1534 1127 Euripidis
1581 1046 1742 1111 illud
1791 1045 1877 1133 (ἐς
1922 1043 2121 1130 χέρας)
2168 1042 2349 1110 illudi
2396 1045 2793 1126 nescierunt,
2840 1047 3103 1122 dubium

617 1176 744 1230 non
791 1165 911 1240 est,
961 1160 1111 1242 quin
1153 1159 1220 1224 id
1263 1160 1494 1242 ipsum,
1545 1161 1712 1243 quod
1745 1179 1956 1226 coram
2002 1159 2407 1239 audiverunt,
2456 1158 2860 1241 aliquomodo
2888 1160 3085 1242 inter·

612 1272 858 1356 pretari
905 1273 1118 1338 conati
1165 1273 1313 1338 sint.
1361 1259 1574 1355 Atque
1619 1274 1808 1340 initio
1858 1274 2117 1356 quidem
2164 1274 2245 1338 de
2292 1273 2423 1338 aris
2470 1277 2539 1338 et
2583 1270 2765 1352 fociS‚
2814 1277 2949 1344 tum
2980 1273 3091 1338 de-

499 1449 504 1456 .
605 1383 1136 1452 mum'translata
1186 1387 1266 1452 ad
1311 1386 1612 1454 mulieres
1646 1387 2112 1468 significatione
2143 1386 2519 1454 vocabulum
2554 1382 2808 1467 ἐσχάρας
2839 1386 3094 1452 intelle-

600 1508 850 1566 xerunt.
896 1499 1039 1575 Non
1070 1506 1248 1566 certe
1279 1500 1482 1566 inviti.
1527 1501 1689 1567 Nam
1717 1507 2058 1584 postquam
2105 1503 2212 1580 σῆς
2256 1496 2565 1577 δάμαρτος
2615 1501 2673 1570 ἐς
2719 1495 2914 1578 δόμον
2962 1498 3094 1564 dici
3138 1485 3143 1487 ’

603 1619 1041 1696 putaverunt,
1141 1615 1312 1682 belle
1359 1633 1536 1682 sese
1606 1615 1915 1698 deceptos
1988 1635 2137 1682 esse
2216 1613 2402 1686 δεξιοὶ
2473 1613 2572 1678 illi
2645 1613 3098 1696 Aristophanis

605 1730 824 1794 θεαταὶ
849 1808 858 1820 ⁴
885 1747 1010 1794 non
1079 1747 1273 1811 aegre
1341 1707 1646 1796 tulerunt.
1724 1729 1991 1797 Alacres
2039 1731 2209 1794 enim
2280 1732 2487 1804 erant,
2558 1726 2641 1792 ad
2699 1727 3097 1794 hilaritatem

605 1842 908 1924 propensi
954 1842 1348 1925 minimeque
1393 1844 1646 1910 morosi.
1697 1843 1826 1908 Sed
1874 1849 2089 1910 utrum
2134 1861 2327 1909 verae
2374 1841 2520 1909 huic
2554 1841 2841 1906 vocabuli
2874 1835 3099 1921 ἐσχάρα

603 1951 850 2024 notioni
893 1956 1122 2022 melius
1168 1956 1434 2039 pluralis
1481 1971 1786 2022 numerus
1862 1976 1946 2021 an
2007 1956 2357 2049 singularis
2414 1955 2890 2036 'accomodetur,
2954 1955 3095 2038 ipse

603 2069 839 2143 viderit
883 2069 1299 2138 Fritzschius
1377 2071 1520 2136 Non
1569 2076 1745 2148 certe
1792 2071 1860 2136 in
1907 2071 2027 2136 hac
2076 2071 2462 2153 quaestione
2528 2069 2886 2136 dirimenda
2932 2067 3094 2149 Equ.

602 2203 694 2250 vs,
749 2185 917 2256 1283
965 2191 1054 2268 et,
1101 2204 1291 2267 quem
1321 2190 1562 2251 testem
1593 2184 1841 2262 citavit,
1890 2175 2086 2252 Suida
2118 2189 2357 2249 utetur.
2404 2182 2842 2248 Labefactatis
2875 2181 3093 2262 igitur,

599 2319 764 2389 quae
831 2299 1228 2384 Fritzschius
1285 2299 1730 2376 obstruxerat,
1805 2299 2299 2382 propugnaculis
2360 2298 2653 2368 omnibus
2695 2303 2791 2386 ‘et
2834 2295 3097 2378 vulgata
3192 2345 3197 2352 .

593 2425 722 2497 per·
757 2430 978 2480 omnes
1023 2413 1338 2480 edit-iones
1385 2414 1668 2479 lectione
1709 2417 1768 2482 ἐς
1812 2413 1989 2494 χέρας
2019 2412 2279 2487 ‚fortiter
2309 2412 2594 2494 defensa,
2642 2430 2795 2477 vasa
2828 2411 3090 2478 tandem

535 2552 541 2560 ·
597 2526 886 2610 colligam
933 2533 1002 2592 et
1047 2532 1260 2594 castra
1304 2547 1448 2592 mea
1493 2527 1620 2594 alio
1666 2528 1806 2594 loco
1857 2547 2108 2611 ponam.
2250 2513 2264 2526 ⁸

803 2641 1031 2724 Itaque
1073 2641 1324 2706 duobus
1373 2641 1686 2730 versibuS,
1735 2642 1881 2724 Lys.
1930 2659 2022 2705 vs,
2070 2638 2220 2722 855,
2276 2657 2401 2721 quo
2462 2635 2582 2714 ᾠὸν
2645 2636 2680 2720 ἢ
2726 2640 2913 2719 μῆλον
2960 2657 3106 2704 non·

597 2755 738 2822 sine
805 2755 1224 2836 ambiguitate
1269 2755 1749 2820 commemorari
1793 2753 2047 2836 putavit
2090 2753 2251 2818 Rob.
2320 2753 2635 2835 Engerus,
2712 2759 2847 2818 tum
2914 2749 3087 2818 Pluti

597 2889 692 2938 VS.
735 2869 883 2950 253,
953 2869 1132 2938 cuius
1179 2867 1305 2934 fine
1372 2865 1589 2928 ταύτὸν
1633 2865 1838 2945 θύμον
1885 2861 2169 2946 φαγόντες
2214 2865 2480 2945 Homeri
2540 2863 2698 2928 illud
2759 2859 2826 2925 ὃν
2888 2863 3091 2943 θυμὸν

597 2978 856 3046 naisum
915 2977 1242 3065 designari
1303 2983 1476 3046 serio
1539 2979 1717 3046 vultu
1777 2980 2129 3061 Berglerus
2207 2978 2639 3056 asseveravit,
2719 2977 2901 3059 quasi
2974 2997 3094 3060 per

599 3103 1015 3165 transennam
1091 3084 1354 3178 notatiS,
1396 3101 1452 3179 ¹)·
1519 3095 1851 3176 auspicato
1922 3093 2001 3159 ad
2072 3113 2185 3160 eos
2247 3111 2473 3158 versus
2538 3091 2947 3173 explicandos
2991 3110 3095 3156 me

599 3215 988 3292 convertam,
1050 3210 1116 3274 in
1179 3209 1433 3292 quibus,
1459 3227 1587 3274 non
1660 3213 1957 3290 repertos
2022 3208 2103 3272 ab
2164 3207 2306 3272 aliis
2375 3207 2702 3290 reperisse
2748 3205 3093 3300 verborum

598 3323 782 3390 lusus
828 3322 984 3389 mihi
1042 3324 1217 3388 visus
1259 3342 1439 3388 sum.
1500 3322 1574 3389 In
1638 3321 1871 3404 quibus
1935 3319 2335 3386 illustrandis
2403 3319 2575 3398 haud
2643 3319 2947 3399 sciebam,
3008 3337 3091 3388 an

599 3437 929 3506 obscurior
973 3437 1214 3520 passim
1259 3436 1736 3518 vituperaretur
1783 3435 2081 3502 elocutio.
2162 3435 2623 3500 Veruntamen·
2668 3437 2845 3506 tecte
2890 3451 3088 3514 quae-

601 3551 744 3618 dam
815 3556 886 3618 et
928 3550 1128 3616 veluti
1182 3550 1356 3618 intra
1407 3550 1694 3632 parietes
1751 3569 1894 3616 cum
1962 3549 2097 3614 VV.
2147 3547 2285 3612 DD.
2340 3545 2831 3628 communicare,
2900 3565 3089 3628 quam

599 3665 845 3732 indocti
891 3664 1200 3746 rudisque
1244 3662 1470 3728 harum
1516 3662 1851 3729 literarum
1894 3661 2137 3745 popelli
2168 3661 2511 3726 cachinnos
2536 3659 2719 3726 'ciere
2752 3657 3085 3725 malebam.
3127 3665 3133 3676 “

1783 3853 1889 3920 1V.

803 3994 1022 4082 Equ.-
1048 4014 1214 4067 vss..
1255 3994 1618 4062 351-352.

809 4114 962 4180 Cleo
1009 4110 1372 4179 vociferans
1419 4131 1562 4176 cum
1609 4109 1892 4176 isiciario
1940 4107 2143 4176 crassi
2210 4105 2483 4174 hominis
2530 4123 2756 4174 vanam
2810 4102 3087 4172 oratoris

596 4223 842 4312 gloriae
891 4225 1367 4292 affectationem
1415 4224 1754 4302 deriserat,
1827 4223 1995 4305 quod
2041 4222 2209 4288 forte
2272 4220 2616 4305 aliquando
2680 4221 2850 4284 bene
2898 4237 3087 4302 prae-

595 4347 862 4426 paratus
907 4347 976 4407 et
1020 4345 1158 4406 tota
1201 4343 1390 4404 nocte
1439 4338 1500 4404 in
1575 4336 1921 4402 ediscenda
1968 4337 2261 4402 oratione
2330 4339 2723 4416 consumpta,
2798 4326 2963 4408 ὕδωρ
3024 4353 3090 4412 scs

597 4457 796 4528 πίνων,
841 4459 1067 4520 contra
1111 4451 1521 4536 peregrinum
1571 4469 1829 4518 causam
1875 4470 2071 4533 agere
2116 4469 2311 4516 ausus
2360 4455 2558 4515 esset.
2624 4446 2722 4512 Ad
2770 4463 2939 4528 quae
2984 4444 3087 4508 his

597 4569 952 4650 respondet
997 4568 1356 4636 isiciarius:

596 4701 688 4748 VS.
735 4683 861 4746 351
998 4684 1059 4742 τί
1101 4682 1201 4741 δαὶ
1247 4678 1320 4742 σύ
1369 4680 1548 4742 πίνων
1593 4678 1699 4758 τὴν
1743 4677 1917 4740 πόλιν
1960 4679 2302 4756 πεποίηκας,
2349 4669 2498 4736 ὥστε
2541 4673 2663 4734 νυνὶ

741 4796 869 4860 352
1000 4793 1120 4856 ὑπὸ
1169 4799 1279 4856 σοῦ
1324 4791 1674 4873 μονωτάτου
1719 4791 2280 4882 κατεγλωττισμένην
2324 4790 2587 4863 commin

703 5047 712 5054 ,
807 4986 848 5054 ¹)
885 4986 1041 5040 Adde
1077 4985 1133 5038 in
1171 4983 1303 5038 Ran.
1340 4999 1416 5040 vs,
1455 4986 1588 5040 1308
1626 4979 1656 5051 ἦ
1693 4979 1891 5045 Μοῦσ’,
1948 4999 2052 5050 quo
2088 4977 2186 5043 τὴν
2224 4961 2460 5040 ἐμοῦσαν
2510 4991 2615 5032 non
2656 4971 2932 5044 designari
2981 4972 3089 5027 iam

597 5057 944 5125 Thiersohijus
981 5057 1232 5113 ostendit.
