3609 5742
1647 611 2053 757 —324‘

557 832 690 898 Nos
739 850 816 896 ea
860 837 1108 898 tantum
1156 852 1306 898 cura
1338 834 1702 915 exercebat,
1749 853 1831 898 ne
1865 834 2008 915 quis
2040 832 2157 898 hos
2188 832 2525 898 verborum
2554 831 2733 900 lusus
2764 831 3040 914 putaret.

559 938 800 1010 Partim
850 946 1016 1010 enim
1062 946 1163 1010 vel
1223 946 1412 1028 plane
1461 951 1610 1010 sunt
1653 945 2059 1024 fortuita‚·ut
2106 943 2280 1024 ὀργὴν
2326 943 2762 1028 ἀπομορχθείς,
2810 943 3040 1025 partim

563 1058 755 1123 etiam
801 1059 895 1122 ita
947 1057 1084 1123 fere
1157 1059 1541 1139 necessaria,
1610 1066 1683 1125 ut
1754 1060 1894 1138 vix,
1954 1059 2010 1122 si
2056 1057 2237 1140 veliS,
2285 1059 2495 1150 possis
2539 1058 2809 1129 evitare,
2855 1057 3036 1124 velut

559 1175 770 1250 μανίας
800 1175 1108 1248 μαίνεσθε.
1158 1172 1359 1252 Quam
1392 1174 1472 1237 ob
1504 1193 1639 1274 rem
1686 1173 1789 1238 vix
1835 1175 2005 1238 inter
2049 1155 2475 1254 figurashaec
2506 1172 2717 1238 omnia
2747 1171 3045 1238 videntur

561 1303 705 1349 esse
752 1284 1112 1364 referenda,
1162 1286 1395 1350 nedum
1441 1287 1612 1352 inter
1644 1286 1844 1370 lusuS,
1881 1289 2109 1370 quibus
2156 1287 2255 1354 nil.
2281 1292 2401 1368 est,
2450 1304 2573 1370 quo
2607 1285 2750 1368 quis
2790 1283 3043 1353 Aristo-

558 1399 831 1480 phanem
877 1399 1087 1462 minus
1133 1403 1526 1480 aequaverit.
2046 1479 2049 1484 ,

681 1511 689 1521 ’
768 1512 948 1590 Quod
995 1513 1048 1576 si
1098 1512 1238 1593 quis
1288 1517 1424 1576 tota
1470 1518 1685 1579 mente
1734 1500 2309 1597 comprehenderit,
2385 1513 2633 1578 facilius
2703 1513 3042 1579 verborum

560 1626 738 1690 lusus
787 1645 824 1689 a
869 1626 1137 1708 reliquis
1185 1626 1469 1692 ridiculis
1517 1628 1873 1709 dignoscet,
1924 1648 2108 1711 quam
2158 1631 2211 1692 si
2246 1627 2457 1692 omnia
2488 1627 3043 1708 grammaticorum

559 1739 888 1804 schem-ata
934 1746 1001 1804 et
1047 1740 1126 1804 de
1173 1739 1394 1820 figuris
1440 1747 1788 1824 praecepta
1836 1741 2191 1808 edidicerit.
2240 1731 2531 1808 'Sensum'
2560 1741 2728 1832 enim
2761 1739 3039 1824 aliquem

560 1853 626 1916 in
673 1854 1008 1918 verborum
1056 1854 1202 1917 lusu
1247 1853 1464 1919 inesse
1512 1861 1642 1935 aut,
1715 1856 1768 1918 si
1834 1873 1957 1918 non
2034 1837 2206 1931 insit,
2256 1835 2462 1920 videri
2512 1850 2755 1917 'tamen
2801 1852 3041 1920 debere

559 1967 775 2031 inesse
826 1968 1209 2032 meminerit.
1287 1967 1658 2050 Decipimur
1704 1969 1894 2046 enim,
1953 1988 2091 2032 cum
2137 1969 2378 2074 luditur
2425 1952 2653 2034 ,verbis
2686 1967 2729 2046 ¹)
2806 1964 3035 2047 Neque

558 2088 661 2146 est
705 2083 956 2146 omnino
1000 2083 1337 2148 verborum
1383 2083 1581 2162 lusuS,
1631 2102 1752 2165 quo
1799 2101 1925 2146 non
1973 2082 2333 2164 decipiaris,

771 2195 1002 2277 Itaque
1051 2197 1158 2261 ubi
1206 2197 1364 2260 dicit
1422 2195 1887 2278 Aristophanes
1970 2197 2241 2264 Πλοῦτος
2306 2183 2751 2284 §gummi-mma,
2820 2211 3043 2275 quam.-

559 2325 745 2390 quam
792 2314 903 2373 aut
948 2309 1028 2373 de
1077 2329 1151 2374 eo
1196 2318 1374 2374 recte
1423 2311 1674 2388 dicitur,
1724 2311 1834 2392 qui
1880 2309 2202 2375 oculorum
2250 2308 2387 2374 acie
2434 2289 2746 2390 privatur,
2800 2296 2911 2370 aut
2957 2303 3038 2369 de

565 2440 661 2502 e0,
729 2423 832 2504 qui
881 2425 1202 2489 restitutis
1251 2425 1450 2489 oculis
1496 2424 1718 2489 videre
1775 2425 2006 2506 coepit,
2088 2429 2325 2496 tamen,
2389 2420 2686 2505 quoniam
2762 2420 2827 2483 in
2873 2417 3043 2482 Pluti
3141 2446 3145 2448 ·

556 2517 748 2600 versu
796 2534 922 2600 635
969 2537 1240 2601 alterum
1287 2537 1473 2602 modo
1521 2539 1858 2619 cogitatur,
1935 2556 2144 2620 neque
2218 2519 2413 2601 habet
2490 2553 2757 2629 sensum⁵
2796 2528 3043 2622 versus,

563 2649 617 2712 si
665 2654 959 2731 utraque,
1011 2668 1199 2731 quam
1246 2650 1536 2729 diximus,
1587 2647 2058 2730 significatione
2104 2652 2224 2740 boc
2258 2641 2535 2715 'verbum
2570 2645 3047 2728 accipidebere

569 2763 938 2841 contendaS,
1017 2781 1204 2827 nemo
1250 2763 1426 2828 verbi
1497 2754 1722 2829 lusum*
1775 2763 1918 2851 illic·
1979 2765 2187 2830 latere
2232 2763 2527 2854 putabit.
2597 2761 2734 2825 Nec
2810 2759 3063 2842 putavit

559 2979 884 3034 Rutilius
935 2979 1164 3050 Lupu's
1217 2980 1314 3032 sub
1362 2995 1490 3032 voce
1550 2987 1879 3047 παρωνυμία
1943 2983 2026 3044 (in
2074 2980 2170 3034 lib.
2222 2980 2262 3034 Ι.
2318 2981 2383 3033 de
2433 2979 2525 3048 fig.
2582 2979 2713 3030 sent.
2770 2967 2821 3029 et
2874 2973 3064 3041 eloc.):

569 3068 716 3134 „Hoe
755 3073 846 3122 aut
884 3069 1133 3122 addenda
1173 3070 1264 3120 aut
1301 3069 1558 3120 mutanda
1597 3071 1688 3120 aut
1724 3069 2057 3137 porrigenda
2092 3073 2185 3136 aut
2228 3066 2591 3120 contrahenda
2626 3065 2787 3117 litera
2824 3065 2915 3116 aut
2954 3063 3061 3131 syl-

567 3155 691 3209 laba
727 3156 842 3208 fieri
883 3157 1176 3210 consuevit.
1217 3155 1526 3210 Custodiam
1565 3172 1840 3209 sacrorum
1880 3173 1981 3210 non
2022 3156 2254 3220 honoria
2296 3154 2605 3209 sed-oneris
2645 3167 2759 3206 esse
2784 3151 3057 3204 existi-ma·

559 3243 651 3296 vit.
684 3242 840 3295 'Idem
878 3243 935 3294 in
973 3258 1018 3296 c.
1055 3244 1117 3295 21
1159 3242 1254 3296 lib.
1291 3242 1380 3296 1V.
1443 3243 1535 3310 qui
1576 3245 1654 3296 est
1691 3245 1768 3296 ad
1805 3243 2233 3296 Herennium
2272 3239 2563 3311 inscriptus
2604 3243 2668 3295 de
2737 3240 3045 3294 annomina-

558 3330 702 3383 tione
738 3329 956 3397 legitur,
994 3345 1152 3398 quam
1191 3331 1612 3398 παρονομασιίιν
1651 3330 1839 3382 Graeci
1876 3331 2159 3384 vocabant:
2214 3328 2626 3400 „ginnomiiiatio
2678 3330 2772 3393 est,
2823 3344 2939 3380 cum
2988 3330 3055 3382 ad

559 3419 706 3471 idem
744 3418 963 3471 verbum
1001 3421 1052 3470 et
1087 3417 1231 3470 idem
1269 3432 1464 3470 nomen·
1500 3417 1779 3470 acceditur
1829 3417 2243 3470 commutatione
2292 3417 2452 3468 unius
2500 3415 2716 3482 literae,
2777 3419 2872 3469 aut
2934 3413 3055 3470 lite-

563 3521 762 3570 rarum,
799 3503 1039 3574 syllabae
1066 3507 1156 3558 aut
1183 3503 1528 3571 syllabarum,
1568 3507 1658 3558 aut
1697 3505 1764 3558 ad
1801 3521 1887 3558 res
1926 3504 2222 3558 dissimiles
2262 3503 2464 3558 similia
2486 3503 2673 3572 „verba
2710 3505 3057 3562 accomodan-

559 3595 661 3656 tur,
697 3594 756 3643 ut
779 3592 946 3644 veniit
973 3608 1003 3660 a
1027 3595 1094 3655 te,
1133 3595 1413 3660 antequam
1449 3591 1664 3644 Romam
1704 3592 1848 3646 venit
1886 3595 2033 3660 sqq.“
2076 3591 2245 3646 Multa
2271 3592 2356 3646 his
2394 3593 2461 3645 de
2499 3593 2657 3648 rebus
2685 3590 3053 3657 Quintilianus

563 3678 673 3745 egit
709 3677 766 3730 in
803 3679 930 3739 inst,
971 3695 1046 3733 or.
1082 3679 1178 3731 lib.
1219 3677 1307 3732 IX.
1347 3695 1460 3748 cap.
1497 3681 1548 3744 3,
1586 3680 1678 3748 qui
1717 3681 1878 3732 etiam
1919 3681 2161 3748 πάρισα,
2220 3676 2643 3739 ὅμοιοτέλευτα,
2696 3674 3055 3736 ὁμοιόπτωτα

557 3765 690 3820 scite
715 3765 991 3831 distinxit;
1029 3767 1094 3818 de
1119 3766 1312 3835 quibus
1341 3769 1500 3820 etiam
1528 3768 1891 3822 Alexandrum
1919 3773 1969 3822 et
1994 3767 2279 3834 Zonaeum‚
2313 3767 2465 3834 alim,
2491 3768 2583 3836 qui
2600 3769 2735 3835 ’περὶ
2761 3767 3055 3834 σχημάτων

559 3853 888 3922 seripserunt
928 3853 1136 3907 iuvabit
1173 3854 1477 3909 contulisse.
1497 3855 1554 3922 Βἲς)
1593 3855 1819 3925 Aliquid
1867 3873 1893 3909 e
1930 3857 2129 3911 Suidae
2183 3857 2354 3910 lexico
2397 3858 2723 3926 dep-romam,
2773 3858 2867 3925 qui
2918 3856 3077 3920 haee,

559 3941 827 3994 annotavit
865 3941 960 3993 sub
998 3957 1126 3994 voce
1164 3943 1728 4011 παραγραμματίὲων.
1772 3941 1909 4013 <imp
1950 3945 2253 4012 παρήχημα
2290 3947 2533 4013 Mra-aq
2574 3945 2671 3998 sub
2712 3961 2835 3999 voce
2872 3965 3053 4014 παρα-

554 4027 988 4092 γραμματισμός·
1030 4022 1168 4078 ὅταν.
1192 4028 1416 4094 γράμμα
1445 4026 1567 4080 ἀντὶ
1591 4031 1915 4101 γράμματος·
1937 4033 2099 4103 τεθῇ·
2128 4026 2243 4084 οἷον
2270 4029 2395 4083 οἶν-τὶ
2418 4033 2527 4083 τοῦ
2561 4033 2788 4101 μυρσίνη
2828 4031 3055 4100 βυρσίνη

555 4116 666 4166 κτλ.
707 4113 900 4168 Confer
935 4118 1211 4184 praeterea
1237 4117 1296 4170 Ο.
1324 4117 1382 4170 L.
1413 4117 1766 4173 Rohdewaldi
1805 4121 2198 4174 dissertationis
2240 4117 2304 4174 de
2343 4137 2443 4173 usu
2469 4121 2873 4190 proverbiorum
2910 4121 3055 4190 apud

555 4201 968 4270 Aristophanem
1007 4219 1130 4272 pag.
1169 4205 1394 4269 27-38,
1458 4223 1580 4258 ann.
1640 4207 1841 4274 Engeri
1898 4209 1965 4260 ad
2018 4207 2228 4261 Thesm.
2288 4223 2365 4266 vs,
2423 4203 2577 4274 1197,
2632 4205 2923 4261 FrItzsehii
2982 4209 3051 4261 ad

557 4290 765 4343 Thesm.
817 4307 891 4343 vs.
949 4291 1054 4344 273
1104 4292 1195 4359 (de
1246 4292 1649 4360 alliterationc)‚
1705 4293 1956 4350 Muelleri
2016 4297 2098 4351 ad,
2135 4295 2271 4350 Aeh.
2330 4313 2377 4349 v.
2418 4295 2522 4348 575
2579 4297 2670 4363 (de
2725 4293 3051 4364 parechesi),

554 4375 795 4430 Richteri
859 4378 925 4430 ad
985 4377 1148 4448 Vesp.
1204 4378 1492 4449 prolegom.
1550 4398 1675 4450 pag.
1730 4383 1849 4448 114,
1905 4399 2026 4436 ann.
2096 4383 2164 4437 ad
2224 4383 2385 4453 Vesp.
2446 4399 2520 4436 vs.
2584 4383 2705 4446 610,
2767 4381 2863 4436 ad'
2891 4378 3049 4436 Pacis

552 4479 656 4516 vss.
697 4464 742 4530 1,
779 4463 847 4517 59
886 4465 977 4526 (de
1015 4465 1294 4519 verborum
1332 4466 1597 4535 lusibus),
1637 4469 1704 4522 ad
1743 4469 1870 4524 Pac.
1922 4487 2002 4526 vs,
2050 4471 2119 4525 32
2170 4473 2263 4537 (de
2316 4469 2774 4539 homoeoteleuto),
2826 4469 3050 4526 Teuffeli

555 4553 622 4604 ad
659 4551 799 4604 Nub.
840 4569 943 4605 vss.
979 4553 1101 4619 320,
1140 4556 1294 4620 1163,
1341 4554 1434 4608 Th.
1476 4555 1671 4610 Koekii
1710 4558 1780 4611 ad
1818 4557 1913 4626 Eq‚
1948 4575 2027 4612 vs.
2066 4558 2185 4612 615.

765 4639 810 4706 ¹)
851 4638 917 4692 cf.
956 4641 1176 4696 Aristot.
1216 4641 1370 4696 Rhet.
1411 4643 1488 4697 ΠΙ
1527 4645 1609 4696 11.
1650 4683 1664 4698 .
1696 4685 1708 4698 .
1746 4641 1822 4695 τά
1862 4645 2019 4716 παρὰ
2042 4644 2268 4714 γράμμα
2306 4645 2617 4706 σκώμματα·
2658 4627 3051 4718 ἐξαπατᾷ1γάρ

554 4729 606 4778 et
642 4741 778 4794 quae
819 4741 978 4796 supra
1017 4729 1250 4783 diximus
1286 4723 1408 4800 pag.
1449 4732 1532 4784 15.
2110 4727 2113 4732 ’

757 4925 814 4993 *)
855 4926 999 4996 apud
1037 4929 1302 4982 Walzium
1340 4931 1394 4984 in
1435 4933 1559 4985 tom.
1599 4929 1736 4984 VIII.
1779 4949 1832 5002 p.
1860 4933 2142 4990 475-478
2168 4936 2218 4988 et
2244 4933 2521 4990 687—688
2548 4937 2691 5005 apud
2716 4934 3044 5004 Spengelum

551 5011 609 5064 in
646 5010 778 5067 rhet.
818 5029 898 5082 gr.
937 5011 1039 5068 vol.
1060 5013 1171 5084 ,111.
1208 5032 1263 5087 p.
1301 5015 1512 5074 35-36
1551 5020 1602 5073 et
1639 5017 1931 5077 168-169.
