3609 5742
1759 665 1798 740 3

949 840 1030 916 0-.
1080 897 1093 909 .
1142 900 1156 914 .
1203 849 1282 918 εἰς
1330 847 1584 928 ἐμαυτόν
1630 851 1728 910 καὶ
1775 855 1880 909 τὸν
1926 845 2054 908 υἱὸν
2097 849 2333 909 τουτονὶ

833 989 842 997 ·
946 961 1036 1022 ἐπ’
1085 959 1431 1043 εὐτυχίαισιν
1477 959 1690 1038 ᾀστέον
1734 960 2127 1042 μούγκώμιον·

943 1073 1142 1154 μάκαρ
1189 1067 1234 1133 03
1281 1077 1866 1155 Στρεψίαδες,

945 1186 1126 1258 αὐτός
1169 1185 1220 1248 τ’
1269 1185 1431 1267 ἔφυς,
1479 1187 1558 1258 ὥς
1605 1175 1835 1270 σοφός,-

847 1297 859 1308 ’
945 1299 1110 1383 χοῖον
1152 1295 1257 1362 τόν
1302 1298 1430 1361 υὶὸν
1474 1303 1702 1380 τρέφεις
1749 1348 1761 1361 .
1811 1352 1827 1368 .
1875 1306 1899 1360 .“

739 1441 825 1506 Et
871 1447 1086 1506 tamen
1145 1460 1332 1523 quam
1397 1439 1632 1506 festiva
1685 1440 1751 1505 in
1818 1441 2131 1507 nobiliore
2197 1442 2318 1507 hac
2386 1441 2589 1506 forma
2657 1427 2777 1506 est⁴
2828 1441 3025 1507 insita

530 1554 838 1622 dulcedo!

744 1671 945 1748 Quam
989 1669 1205 1752 lepide
1251 1668 1612 1734 Mercurius
1659 1669 1728 1732 in
1772 1667 1960 1732 Pacis
2007 1685 2133 1733 vss
2182 1665 2313 1731 214
2351 1665 2549 1730 -215.
2604 1667 2893 1733 Lacones
2942 1668 3022 1733 de

525 1785 764 1849 Atticis
811 1785 1151 1865 loquentes
1196 1780 1382 1847 faciti

941 1897 1052 1955 ναῒ
1081 1893 1162 1957 τώ
1209 1893 1337 1969 σιώ,
1381 1891 1824 1969 νῦνἈττικίων
1869 1891 2045 1953 δώσει
2091 1896 2280 1959 δίκαν.

941 2013 990 2069 εἰ
1035 2007 1088 2068 δ’
1137 1999 1215 2069 αὖ
1259 2031 1315 2068 τι
1359 2004 1634 2084 πράξαιτ’
1683 2005 1925 2087 ἀγαθὸν
1971 1991 2336 2068 ιῖττικωνικοὶ

937 2118 1216 2182 κᾶλθοιεν
1265 2125 1320 2181 οἱ
1366 2119 1644 2190 Λάκωνες
1689 2119 1915 2201 εἰρήνης
1964 2123 2115 2200 πέρι,

939 2235 1146 2314 ἐλέγετ’
1198 2231 1269 2295 ἂν
1313 2234 1474 2314 ὑμεῖς
1519 2281 1856 2301 ......

734 2349 939 2431 Magis
988 2368 1140 2414 vero
1187 2351 1383 2414 etiam
1449 2367 1528 2412 ex
1593 2348 1694 2429 iis„
1761 2347 1925 2430 quae
1972 2347 2112 2430 ipse
2174 2347 2355 2428 finxit
2413 2353 2623 2430 poeta,
2687 2334 3012 2413 uocabulis

522 2464 880 2548 apparebit,
929 2463 1097 2546 quod
1142 2464 1332 2546 paulo
1379 2468 1530 2527 ante
1579 2463 1659 2526 de
1707 2468 1843 2528 toto
1889 2463 2009 2527 hoc
2054 2481 2293 2542 genere
2342 2461 2837 2526 disserebamus,

728 2577 895 2642 Nam
937 2576 1025 2656 Si,
1089 2595 1246 2659 quOS
1295 2574 2115 2658 σφραγιδονυχαργοκομήτας
2162 2576 2350 2658 (Nub.
2398 2561 2575 2658 332),
2636 2574 3010 2656 pulchellOS,

519 2710 677 2773 qUOS
753 2679 1504 2768 κὼὸωνοφαλαροπώλους,
1611 2686 2379 2771 σαλπιγγολογχυπηνάδας,
2492 2709 3011 2765 σαρκασμοπιτυο-

515 2801 790 2883 κάμπτας
837 2803 1020 2883 (Ran.
1085 2801 1480 2884 963---966),
1528 2804 1859 2885 gloriOSOS,
1910 2822 2097 2884 quem
2158 2801 2506 2866 nominavit
2564 2822 3011 2879 κυμινοπριστο-

430 2993 433 2998 y
513 2915 1008 2996 καρδαμόγλυφον
1078 2917 1295 2998 (Vesp.
1355 2916 1570 3002 1357),
1618 2917 1887 2982 dixisset
1943 2921 2255 2997 tenacem,
2305 2914 2359 2978 si
2407 2933 2521 2996 pro
2570 2933 2645 2978 eo
2694 2915 2853 2993 cib0,
2903 2915 3010 2996 qui

515 3029 582 3095 in
624 3029 874 3095 Eccles.
926 3047 1050 3098 VSS.
1094 3027 1519 3095 1167-1174
1566 3035 1829 3095 Vocatur
1872 3025 2352 3108 λεπαδοτέμαχος
2398 3029 3013 3109 σελαχογαλεοκρανιο-

511 3146 1452 3224 λειψανοδριμυποτριμματοσιλᾳ
1467 3143 2649 3222 ιοπαραομελιτοκατακεχυμενοκιχλεπικο
2657 3161 3013 3219 σσυφοφατ-

511 3228 3013 3335 τοπεριστεραλεκτρυονοπτεκεφαλλιοκιγκλοπελειολαγωοσιραιοβαφητραγανοπτερίὶ-

511 3391 654 3450 γων,
701 3370 970 3434 minutal
1018 3370 1277 3452 aliquod
1323 3369 1536 3434 afferri
1577 3369 1905 3449 jussisset,
1964 3345 2569 3446 momoppoiud'woe
2612 3368 2714 3433 vel
2761 3366 3010 3445 similia,

513 3501 550 3547 e
597 3461 876 3564 sublimi,
946 3485 1052 3566 qui
1097 3488 1354 3568 poetam
1399 3483 1622 3564 decet,
1690 3482 1829 3547 loco
1884 3481 1962 3546 ad
2012 3479 2334 3546 forensem
2379 3479 2555 3545 illum
2600 3481 3010 3563 ieiunumque

511 3614 869 3662 sermonem
917 3597 1380 3662 descendisset.

723 3711 968 3789 Quibus
1015 3710 1082 3775 in
1127 3711 1284 3776 iocis
1334 3709 1715 3774 denotandis
1778 3727 1921 3773 cum
1983 3707 2372 3773 scholiastae
2440 3714 2553 3774 aut
2618 3709 3010 3790 generaliter

510 3826 759 3887 tantum
807 3823 1001 3888 verbo
1049 3821 1248 3893 παίζει
1308 3827 1421 3886 aut
1480 3821 1699 3893 addito
1748 3821 1944 3886 etiam
1990 3819 2153 3900 παρὰ
2199 3815 2305 3900 τὴν
2350 3818 2660 3900 ἀναλογίαν
2722 3827 3006 3904 utantur,

507 3949 654 4000 raro
705 3935 984 4014 denique
1035 3935 1114 3998 ad
1160 3935 1310 3999 ficta
1357 3935 1666 4015 quaedam
1712 3926 1971 4000 nomina
2016 3935 2193 3998 velut
2238 3935 2320 3998 ad
2365 3927 2411 3992 ὦ
2458 3935 2773 4014 Μαριλάδη
2822 3935 3005 4018 (Ach.

509 4045 666 4130 609)
715 4053 1044 4127 annotent,
1094 4067 1219 4130 qua
1265 4067 1300 4112 e
1350 4048 1571 4113 radice
1616 4052 1811 4129 poeta
1856 4048 2229 4113 vocabulum
2276 4047 2779 4130 deprompserit:
2827 4070 3006 4125 παρε-

506 4162 717 4239 ποίησε
761 4160 830 4220 τὸ
881 4156 1076 4238 ὄνομα
1122 4157 1242 4221 ἀπὸ
1295 4159 1427 4247 (τῆς
1473 4163 1790 4239 μαρίλης),
1860 4161 1943 4226 ad
2010 4161 2284 4227 alterum
2329 4139 2572 4242 harllm,
2646 4180 2808 4245 quae
2855 4168 3006 4228 Sunt

505 4272 571 4336 in
617 4273 852 4354 verbiS,
905 4272 1281 4338 facetiarum
1329 4289 1532 4354 genus
1581 4275 2025 4357 procedemus.

723 4384 841 4468 (2.)
875 4387 949 4450 In
984 4405 1107 4469 quo
1142 4387 1399 4469 quidem
1431 4405 1508 4451 ea
1541 4389 1950 4452 continentur
1978 4388 2309 4468 voeabula,
2344 4407 2507 4472 quae
2535 4389 3005 4472 Aristophanes

511 4497 640 4564 alio
689 4491 887 4565 sensu
933 4503 1012 4566 ab
1059 4501 1206 4566 aliis
1255 4509 1564 4585 usurpata
1609 4503 1690 4568 ad
1737 4521 1847 4568 eas
1892 4521 2003 4568 res
2049 4501 2365 4586 applicat,
2416 4503 2499 4566 ad
2564 4521 2725 4585 quas
2772 4521 3001 4567 secuu-

510 4615 658 4678 dum
707 4614 1010 4695 loquendi
1057 4627 1510 4681 normam-usu
1553 4622 1875 4682 sacratam
1920 4635 2048 4680 non
2097 4615 2309 4680 solent·
2366 4617 2715 4697 pertinere.
2784 4616 3002 4680 Habes

503 4728 862 4809 exemplum
931 4728 995 4791 in
1042 4727 1195 4794 Ach.
1245 4747 1369 4794 VSS.
1420 4728 1798 4793 679·-681:
1847 4730 2122 4809 γέροντας
2169 4778 2183 4792 .
2233 4778 2247 4792 .
2298 4778 2311 4792 .
2361 4775 2374 4787 .
2421 4726 2665 4807 κωφούς
2708 4730 2803 4788 καὶ
2850 4750 3001 4804 παρ-

500 4838 936 4918 εξηυλημένους.
1028 4838 1122 4899 Ἐκ
1177 4845 1556 4918 μεταφορᾶς,
1617 4843 1710 4906 ait
1755 4841 2133 4918 scholiasta,
2194 4843 2312 4900 τῶν
2357 4815 2620 4902 νταλαιῶν
2666 4839 2860 4901 αὐλῶν
2905 4843 3004 4901 καὶ

498 4946 759 5032 ἀχρείων.
836 4956 1046 5031 κυρίως
1105 4951 1217 5038 γὰρ
1287 4955 1782 5035 παρεξηυλῆσθαι
1839 4957 2101 5035 λέγονται
2168 4954 2337 5016 αὐλοὶ
2399 4959 2454 5015 οἱ
2518 4955 2625 5024 τὰς
2669 4957 3003 5034 γλωσσίὸας

501 5066 924 5146 ὃιεῤῥηγμένοι,
