3609 5742
1816 665 1855 728 6

793 837 892 902 Ad
940 857 1103 920 quae
1148 836 1310 902 haec
1355 836 1602 901 addidit
1648 837 2035 903 scholiastat
2106 839 2169 898 Γ
2162 839 2353 898 ελοιόυ
2413 837 2580 920 χάριν
2641 837 2767 900 εἶπε
2812 838 2965 916 πρὸς
3008 842 3076 900 τὸ

585 954 801 1033 χαίρειν
846 947 914 1011 τὰ
963 947 1159 1030 μήπω.
1208 951 1295 1015 Et
1340 955 1520 1015 recte
1569 950 1868 1032 quidem?
1897 951 2062 1030 Quid
2110 951 2279 1016 enim
2323 953 2527 1034 magis
2576 958 2678 1017 est
2721 951 3078 1036 ridiculum,

587 1084 775 1148 quam
821 1065 876 1128 si
925 1083 1110 1146 quem
1157 1064 1415 1147 paulum
1461 1063 1730 1129 velimus
1781 1064 2168 1146 prohibere,
2234 1065 2571 1147 quominus
2641 1085 2758 1130 nos
2828 1066 3080 1132 salvere

583 1177 857 1243 iubeat?
901 1177 1042 1242 Non
1088 1195 1240 1241 vero
1288 1174 1550 1256 μήπωγε,
1599 1178 1741 1258 ipsa
1784 1178 1984 1242 verba
2031 1178 2193 1260 dico,
2240 1179 2580 1244 ridiculum
2629 1184 2748 1245 est.
2812 1179 3081 1244 Poterat

589 1292 755 1356 enim
805 1290 950 1355 aliis
1020 1294 1212 1373 poeta
1258 1288 1473 1354 verbis
1530 1289 1647 1370 uti,
1709 1308 1894 1371 quae,
1954 1291 2008 1354 si
2072 1291 2257 1357 modo
2329 1293 2555 1357 eadem
2621 1291 3075 1373 significarent,

583 1424 789 1488 aeque
847 1405 1049 1468 risum
1118 1402 1527 1468 audientibus
1574 1408 1943 1484 moverent,
2012 1404 2254 1469 veluti:
2308 1401 2611 1485 ἄνάμενε,,
2648 1402 2755 1474 ἕως
2823 1399 2896 1466 ἂν
2957 1407 3077 1463 στῶ

582 1519 816 1600 τρέχων.
1167 1493 1172 1498 ⁸

787 1632 862 1696 In
905 1629 1140 1695 festiva
1183 1629 1294 1694 illa
1338 1628 1779 1710 altercatione,
1830 1648 1995 1711 quae
2056 1630 2228 1696 inter
2271 1631 2719 1714 Dicaeopolin'
2749 1635 2817 1696 et
2878 1648 3071 1696 senes

581 1745 1034 1811 Acharnenses
1080 1742 1444 1822 intercedit,
1492 1743 1902 1826 Dicaeopolis
1952 1745 2207 1810 corbem
2257 1749 2326 1809 et
2370 1745 2703 1825 carboneS,
2768 1745 2876 1827 qui
2925 1764 3081 1820 con-,

582 1864 871 1927 tinentur
916 1859 982 1924 in
1016 1857 1157 1938 illo,
1207 1859 1300 1924 sic
1346 1855 1696 1942 alloquitur
1742 1877 1870 1925 vss,
1919 1857 2305 1924 347—348:

998 1969 1248 2052 ἐμέλλετ’
1293 1965 1388 2049 ἆρ’
1436 1965 1687 2042 ἅπαντες
1741 1970 2030 2032 ἀνασειέιν
2074 1971 2243 2052 βοήν,

989 2083 1184 2165 ὀλίγου
1232 2083 1286 2144 δ’
1333 2083 1645 2146 ἀπέθανον
1691 2080 1989 2162 ἄνθρακες
2035 2082 2367 2165 Παρνήσιοι
2412 2088 2552 2159 κτλ.,

579 2221 738 2286 quos
783 2218 1008 2267 versus
1070 2198 1417 2264 scholiasta
1477 2218 1602 2264 non
1648 2199 1989 2280 praeteriit
2036 2196 2311 2265 silentio.
2400 2195 2798 2273 Ἠθικώτατα,
2844 2200 3073 2282 inquit,

577 2316 674 2375 καὶ
731 2307 946 2394 ἥδιστα
1006 2308 1158 2391 πρὸς
1217 2309 1357 2382 τούς
1419 2313 1476 2371 ἐν
1503 2316 1617 2388 ,τῷ
1663 2309 1862 2390 λάρκῳ
1910 2307 2221 2390 ἄνθρακας
2266 2312 2607 2390 διαλέγεται.
2697 2313 2790 2377 Ac
2834 2331 2960 2378 non
3004 2313 3072 2377 id

573 2433 823 2494 tantum
868 2427 968 2492 his
1030 2425 1095 2491 in
1142 2426 1355 2491 verbis
1404 2425 1637 2507 placet,
1686 2425 1854 2507 quod
1900 2425 2057 2507 ipsis
2107 2427 2555 2491 vocabulorum
2604 2425 2778 2491 sonis
2826 2419 3070 2503 ἄνθρα-

577 2565 668 2611 κες
701 2538 1032 2621 Παρνήσιοι
1081 2539 1472 2621 adducimur,
1519 2543 1594 2602 ut
1635 2538 2055 2620 Dicaeopolin
2101 2535 2355 2616 ἀνδράσι
2401 2542 2765 2619 Παρνησιόις
2802 2537 3071 2622 colloqui

577 2660 898 2739 putemuS,
927 2653 1042 2718 sed
1068 2656 1206 2717 tota
1228 2653 1388 2716 haec
1421 2651 1623 2716 oratio
1656 2656 1972 2733 perpetua
1995 2652 2267 2734 quadam
2290 2651 2646 2717 festivitate
2670 2653 2795 2717 iam
2811 2657 3075 2735 propter

576 2770 642 2834 id
674 2769 876 2834 solum
923 2766 1260 2846 redundat,
1310 2765 1477 2848 quod
1509 2764 1589 2829 ad
1624 2784 1759 2829 rem
1794 2767 2108 2847 quandam
2143 2768 2314 2831 vitae
2348 2784 2705 2849 sensusque
2739 2770 3067 2846 expertem

579 2901 887 2949 conversa
935 2886 1054 2946 est.
1118 2880 1191 2944 Id
1238 2880 1406 2944 enim
1454 2881 1660 2963 ipsum
1709 2881 2045 2945 ridiculum
2116 2886 2183 2946 et
2252 2882 2719 2947 subabsurdum
2767 2887 2871 2947 est
2914 2899 3081 2963 quo-.

577 2997 931 3075 dammod0‚
980 2995 1034 3059 si
1083 2994 1224 3078 quis
1260 3013 1398 3058 cum
1434 2994 1821 3059 carbonibus
1856 2992 2271 3076 colloquitur3
2319 3015 2437 3060 nec
2471 2995 2813 3078 quidquam
2846 2994 3067 3074 refert,

576 3111 806 3193 quibus
852 3110 1087 3188 verbis,
1138 3112 1348 3173 utrum
1397 3107 1607 3186 seriiS,
1657 3127 1736 3172 an
1786 3107 2073 3173 ridiculis
2121 3113 2361 3174 utatur.

782 3220 1167 3300 Acsimiles
1215 3220 1474 3302 quidem
1524 3217 2014 3284 scholiastarum
2071 3225 2257 3286 notas
2325 3222 2618 3286 invenies
2690 3226 3064 3300 sexcentas3

577 3337 704 3402 erit
753 3336 968 3414 etiam,
1017 3333 1127 3398 ubi
1174 3332 1514 3396 simillimis
1584 3332 1646 3395 in
1718 3331 1876 3399 locis
1945 3331 2345 3413 diligentiam
2416 3351 2633 3399 eorum
2708 3334 3062 3413 desidereS,

573 3449 752 3515 velut
797 3451 863 3513 in
910 3448 1068 3512 Ran.

578 3581 669 3629 VS.
715 3559 872 3626 588:
1183 3555 1410 3618 κάκιστ’
1457 3555 1808 3638 ἀπολοίμην,
1856 3556 2225 3640 κάρχέδημος
2276 3560 2309 3620 o‘
2365 3558 2617 3641 γλάμων.

572 3694 699 3740 VSS.
749 3673 1119 3739 621—622:
1196 3721 1210 3737 .
1261 3720 1275 3734 .
1324 3717 1337 3731 .
1387 3721 1401 3737 .
1480 3669 1675 3732 πάντα
1718 3667 1921 3753 τᾶλλα,
1994 3669 2144 3752 πλὴν
2206 3671 2420 3750 πράσῳ

1199 3781 1280 3865 μὴ
1325 3782 1504 3845 τύπτε
1547 3789 1780 3859 τοῦτον,
1827 3785 1977 3864 μηδὲ
2022 3789 2225 3864 γητείῳ
2270 3787 2400 3864 νέῳ.

571 3919 696 3966 VSS.
748 3891 1127 3965 633—634:
1189 3899 1285 3958 καὶ
1333 3896 1481 3959 πολύ
1529 3920 1589 3977 γε
1634 3896 1858 3977 μᾶλλόν
1904 3902 2025 3959 ἐστι
2070 3900 2486 3979 μαστιγωτέος.

1189 4007 1348 4089 εἴπερ
1393 4007 1542 4080 θεὸς
1586 4008 1698 4089 γάρ
1745 4015 1918 4084 ἐστιν,
1967 4009 2073 4072 οὐκ
2118 4009 2499 4093 αἰσθήσεται.

779 4102 956 4204 Quae
1002 4124 1274 4190 ridicula
1320 4129 1471 4189 sunt
1515 4125 1748 4204 omnia,
1798 4143 2180 4207 quamquam
2230 4127 2419 4190 seriis
2466 4125 2680 4191 verbis
2730 4142 3056 4207 expressa.

745 4239 960 4320 ¹Haec
1005 4239 1221 4318 igitur,
1271 4255 1435 4320 quae
1468 4236 1791 4303 nonnullis
1816 4238 2109 4303 versibus
2141 4238 2644 4319 illustrabamus,
2690 4239 3057 4303 innumera-

568 4352 723 4418 bilia
768 4356 918 4418 sunt
963 4351 1274 4433 exemplis
1323 4357 1393 4417 et
1434 4355 1518 4416 ne'
1565 4351 1911 4432 generibus
1974 4351 2233 4434 quidem
2292 4371 2513 4435 pauca.
2586 4351 2820 4417 Variae
2885 4350 3055 4416 enim

557 4465 989 4548 'diversaeque
1040 4471 1189 4530 sunt
1236 4465 1686 4546 cogitationeS,
1735 4482 1901 4547 quae
1947 4469 2136 4529 acute
2185 4464 2356 4531 dicta
2402 4469 2791 4547 sequuntur;
2862 4482 3050 4548 quam

568 4579 646 4646 ob
691 4599 828 4644 rem
876 4580 1170 4644 diversae
1217 4582 1369 4644 sunt
1414 4579 1517 4644 vel
1565 4579 1746 4661 ipsae
1792 4578 2046 4643 ridendi
2095 4597 2348 4658 causae,
2398 4577 2653 4644 etiamsi
2703 4577 2929 4643 eodem
2978 4596 3057 4642 ex

508 4773 520 4780 ᾖ
565 4695 703 4761 loco
748 4694 919 4758 risus
965 4693 1225 4759 oriatur.
1288 4693 1410 4758 Est
1456 4692 1626 4757 enim
1695 4693 1763 4756 in
1813 4710 1936 4774 quo
2009 4691 2242 4757 similia
2289 4691 2483 4772 dicas,
2556 4709 2719 4775 quae
2764 4689 3050 4774 profere-

567 4810 790 4873 bamus
838 4805 1130 4888 exempla
1173 4806 1404 4888 omnia.
1454 4806 1743 4888 Namque
1813 4824 1941 4869 non
2008 4824 2045 4870 e
2112 4823 2185 4869 re
2231 4810 2378 4870 acta
2436 4811 2707 4886 gestuve
2763 4802 3052 4883 ridicu10,

564 4939 775 5003 neque
821 4939 860 4984 e
903 4920 1119 4985 verbis
1165 4919 1310 5001 ipsa
1352 4925 1583 4984 natura
1627 4917 2037 4995 iocularibus,
2106 4918 2224 4983 sed
2267 4924 2584 5000 perpetua
2644 4918 2757 4982 illa
2802 4916 3052 4984 festivi-

563 5038 725 5113 tate,
772 5052 938 5117 quae
982 5032 1166 5099 fictas
1211 5051 1320 5098 res
1365 5032 1549 5098 nobis
1594 5032 2024 5113 ministrabat,
2072 5030 2402 5098 oriebatur
2448 5033 2636 5100 risus.
