3609 5742
1733 618 1819 684 29

522 801 757 882 probet
825 798 954 864 alia
1017 817 1142 864 non
1207 798 1350 863 sine
1420 795 1875 875 haesitatione,
1951 793 2077 858 alia
2150 791 2480 874 vituperet
2550 785 3016 856 vehementius.

526 912 757 994 Neque
804 917 1018 978 tamen
1065 911 1130 976 id
1196 911 1375 995 adeo,
1416 909 1708 990 verebar,
1747 923 1874 992 'ne,
1954 911 2112 990 quot
2170 907 2400 988 cuique
2460 905 2639 970 lusus
2702 907 2815 968 aut
2874 901 3019 966 sim·

525 1025 727 1108 plices
773 1031 886 1088 aut
932 1024 1317 1106 compositos
1364 1006 1526 1088 falsi>
1580 1021 1841 1101 dixisse,
1910 1026 2007 1086 tot
2071 1037 2189 1100 ego
2235 1016 2683 1100 Aristophanis
2748 1013 3019 1080 facetias

524 1139 691 1203 male
735 1139 1203 1222 interpretatus
1252 1155 1397 1202 esse
1445 1135 1720 1216 viderer,
1785 1153 1976 1216 quam
2022 1151 2103 1200 ne
2150 1132 2383 1197 multos
2431 1148 2658 1196 versus
2692 1131 2757 1196 in
2786 1128 3018 1212 quibus

524 1251 685 1316 nihil
735 1240 1118 1315 facetiarum
1181 1251 1449 1328 inesset,
1515 1249 1687 1314 inter
1755 1245 1935 1313 lusus
1996 1246 2323 1325 retulisse,
2386 1244 2563 1320 alioS,
2592 1242 2737 1328 ,qui
2798 1246 3023 1308 essent

525 1363 853 1430 referendi
928 1363 992 1428 in
1057 1363 1176 1429 hoc
1250 1364 1353 1427 vel
1429 1362 1588 1442 illud
1630 1362 1916 1451 ,lusuum
1996 1377 2223 1441 genus,
2300 1357 2667 1438 neglexisse
2733 1360 3017 1438 putarer.

521 1480 749 1560 Itaque
795 1495 1174 1561 quamquam
1220 1495 1345 1542 non
1390 1474 1583 1542 facile
1632 1480 1734 1540 est
1779 1474 2164 1553 diiudicatu,
2214 1477 2427 1537 utrum
2474 1469 2744 1554 simplex
2774 1475 3021 1534 statua-

525 1597 630 1656 tur
675 1610 755 1656 an
803 1589 1193 1672 compositus
1241 1589 1579 1654 verborum
1626 1588 1802 1654 lusus
1841 1587 2129 1654 -.velut
2172 1587 2238 1654 in
2270 1584 2424 1650 Ach.
2480 1603 2607 1650 vss.
2640 1583 3021 1652 808-809:
3060 1651 3065 1656 ,

1486 1701 1566 1770 ὠς
1617 1705 1965 1780 Τραγασαῖα
2010 1702 2297 1780 φαίνεται.

835 1819 980 1896 Μεγ.
1071 1813 1196 1875 ἀλλ’
1247 1811 1374 1876 οὔτι
1419 1813 1620 1883 πάσας
1666 1815 2025 1894 κατέτραγον
2069 1811 2176 1882 τὰς
2220 1812 2493 1896 ἰσχάδας,

526 1930 592 1994 in
644 1929 872 2011 quibus
919 1929 974 1993 si
1021 1931 1435 2012 compositum
1484 1928 1823 1994 verborum
1869 1927 2079 1993 lusum
2126 1928 2301 1992 dicas
2344 1928 2602 2007 inesse,
2664 1927 3021 2003 κατέτραγον
3101 1957 3107 1970 ·

532 2044 613 2108 ad
665 2047 1007 2121 Τραγασαῖα
1068 2041 1160 2106 ita
1203 2040 1522 2118 refertur,
1570 2048 1640 2106 ut
1686 2061 1813 2106 non
1859 2059 2113 2106 versum
2162 2042 2460 2123 priorem,
2525 2041 2641 2106 sed
2700 2038 3021 2123 posterio-

536 2175 674 2221 rem
718 2157 972 2221 demum
1017 2154 1186 2220 risus
1220 2160 1650 2246 consequatur
1694 2191 1779 2210 ν-
1827 2154 2025 2220 multo
2058 2159 2275 2220 tamen
2310 2153 2503 2218 etiam
2536 2153 2769 2234 magiS,
2808 2156 3022 2216 utrum

541 2269 791 2334 omnino
837 2269 1154 2334 alteruter
1210 2267 1389 2333 lusus
1451 2267 1720 2348 inesset,
1791 2285 1913 2333 nec
1972 2286 2076 2347 ne,
2145 2267 2365 2333 multis
2434 2268 2500 2332 in
2545 2265 2841 2332 versibus
2888 2283 3020 2330 am·

534 2382 663 2462 bigi
709 2382 1022 2458 videbam.
1417 2463 1424 2470 ⁶
2686 2353 2705 2367 ⁸

663 2544 666 2547 .
749 2493 960 2578 Saepe
1008 2495 1177 2560 enim
1239 2495 1627 2576 praesertim
1689 2495 1754 2558 in
1789 2495 2169 2560 immutatis
2236 2494 2451 2560 verbis
2507 2495 2738 2560 incerti
2798 2493 3021 2558 haere-

530 2628 703 2689 mus;
751 2609 984 2690 quibus
1031 2627 1194 2690 quae
1241 2607 1564 2686 rideamus
1611 2608 1927 2674 contineri
2003 2607 2431 2692 perspicimus
2488 2607 2742 2686 statim;
2809 2612 3023 2671 utrum

530 2724 596 2787 in
642 2722 888 2814 lusibus
937 2739 1450 2800 annumeremuS,
1497 2741 1578 2786 an
1625 2721 1689 2786 in
1737 2720 1887 2802 alio¹
1930 2721 2203 2804 quodam
2279 2720 2693 2786 ridiculorum
2758 2738 3021 2802 genere,

539 2836 709 2900 haud
770 2854 914 2901 raro
989 2835 1374 2901 dubitamus,
1447 2835 1630 2921 Quod
1703 2842 1776 2900 ut
1836 2835 2203 2902 illustretur
2278 2835 2571 2918 exemplo
2630 2835 2801 2901 Eccl.
2878 2853 3022 2901 ver-

539 2968 678 3014 sum
727 2949 852 3012 253

769 3128 776 3136 ,
871 3113 885 3126 .
963 3105 986 3125 .-
1050 3109 1066 3126 .
1135 3073 1149 3126 ζ
1224 3111 1673 3128 .......
1711 3060 1787 3122 τα
1834 3059 2097 3148 τρύβλια,

839 3178 1026 3243 κακῶς
1070 3170 1420 3253 κεραμεύειν,
1467 3173 1571 3254 τὴν
1617 3174 1683 3234 δὲ
1733 3173 1904 3235 πόλιν
1950 3168 2010 3237 εὖ
2057 3177 2155 3236 καὶ
2198 3179 2388 3245 καλῶς

528 3308 670 3354 cum
718 3287 902 3354 Pacis
946 3306 1073 3352 vss.
1122 3286 1461 3352 250—251
1516 3288 1858 3365 conferam,
1911 3290 2019 3371 qui
2066 3296 2243 3355 sunt:

836 3403 988 3464 Πολ.
1081 3398 1149 3460 ἰώ
1197 3403 1454 3482 Σικελία,
1505 3403 1600 3462 καὶ
1647 3401 1718 3463 σὺ
1768 3401 1824 3462 δ’
1874 3402 1952 3472 ὠς
1998 3401 2350 3468 ἀπόλλυσαι.

847 3519 1016 3593 Τρυγ.
1099 3513 1195 3576 οἷα
1240 3509 1408 3586 πόλις
1451 3514 1699 3578 τάλαινα
1745 3516 2295 3598 διακναισθήσεται.

744 3628 914 3705 Quos
960 3646 1205 3708 versuS‚
1271 3629 1326 3692 si
1396 3629 1537 3722 quis
1606 3629 1710 3694 vel
1773 3631 2053 3714 primum
2113 3632 2423 3714 attigerit,
2489 3632 2711 3696 statim
2759 3633 3024 3698 verbum

535 3741 845 3802 διακναίειν
905 3741 1025 3804 ioci
1085 3742 1296 3821 gratia
1355 3761 1394 3806 a
1454 3748 1646 3824 poeta
1692 3744 2046 3808 adhibitum
2097 3762 2244 3810 esse
2290 3745 2649 3826 intelleget,
2720 3765 2795 3812 ac
2842 3747 2899 3810 si
2944 3746 3025 3810 de

535 3871 722 3919 caseo
768 3853 878 3919 illo
913 3853 1124 3918 Siculo
1157 3860 1479 3935 ageretur,
1530 3856 1708 3921 cuius
1742 3858 1983 3922 mentio
2030 3857 2156 3921 iam
2190 3855 2264 3921 fit
2307 3857 2373 3922 in
2419 3858 2659 3940 Vesp.
2707 3877 2832 3923 vss
2869 3858 3016 3938 838,

535 3966 683 4046 897,
731 3966 876 4031 911.
971 3967 1101 4032 fied
1149 3985 1289 4032 cum
1352 3987 1472 4034 vox
1517 3971 1756 4029 Σικελία
1798 3971 1919 4046 hoc
1984 3969 2123 4035 loco
2168 3971 2340 4034 vocis
2394 3968 2571 4048 τυρὸς
2632 3972 2836 4036 vicem
2897 3991 3023 4037 non

529 4085 736 4160 gerat,
783 4100 906 4145 non
957 4079 1190 4163 duplex
1236 4081 1338 4145 his
1383 4082 1447 4146 in
1494 4082 1787 4146 versibus
1836 4083 2001 4148 latet
2046 4101 2296 4164 sensus,
2351 4069 2481 4148 'sed
2527 4085 2792 4149 verbum
2837 4085 3025 4150 modo

531 4195 844 4254 διακωαίειν
936 4213 973 4258 a
1066 4212 1254 4258 caseo
1349 4197 1618 4262 terendo
1697 4197 1778 4261 ad
1857 4197 2184 4263 civitatem
2263 4199 2677 4264 evertendam
2753 4198 3023 4264 transla-

530 4313 664 4371 tum
717 4313 838 4374 est.
2495 4295 2501 4300 ’

735 4421 807 4484 In
853 4421 1443 4492 Ecclesiazusarum
1509 4427 1724 4487 autem
1785 4441 1978 4488 Versu
2025 4426 2151 4488 253
2196 4424 2549 4504 κεραμεύειν,
2597 4445 2720 4509 quo
2767 4427 3027 4510 proprie

533 4535 794 4614 utimur,
844 4536 1109 4602 eumad
1158 4536 1316 4600 ollas
1366 4536 1704 4602 descendit
1771 4539 1994 4618 orati0,
2053 4559 2176 4604 non
2238 4539 2357 4604 hoc
2426 4541 2561 4605 solo
2625 4558 2843 4622 sensu,
2909 4540 3024 4605 sed

533 4648 848 4712 translata
920 4649 1113 4713 etiam
1180 4650 1261 4715 ad
1314 4669 1450 4716 rem
1509 4650 1827 4733 publicam
1902 4651 2248 4734 gerendam
2316 4653 2577 4719 notione
2657 4660 3022 4737 usurpatur.

529 4761 780 4845 Duplex
825 4763 1020 4842 igitur
1089 4771 1194 4828 est
1238 4765 1305 4828 in
1352 4765 1471 4829 hoc
1547 4783 1738 4858 versu
1786 4765 1977 4830 unius
2037 4765 2219 4830 verbi
2280 4784 2511 4832 sensus
2576 4786 2715 4832 cum
2777 4767 3023 4832 duobus

531 4871 740 4955 iisque
790 4874 1245 4942 diversissimis
1294 4876 1657 4942 nominibus
1692 4879 2036 4945 coniuncti.
2088 4880 2287 4958 Quam
2321 4879 2402 4944 ob
2433 4898 2591 4959 rem,
2642 4897 3023 4964 quamquam

530 5003 654 5052 non
703 4993 846 5052 erat
890 4987 1083 5071 plane
1130 4992 1588 5072 necessarium,
1636 5011 1762 5058 non
1827 4996 2042 5058 tamen
2111 4991 2346 5059 iniuria
2406 4993 2575 5060 hunc
2634 5011 2893 5060 versum
2940 4991 3023 5060 ad
