3609 5742
1718 680 1798 746 19

528 879 652 941 quo
699 858 808 924 ille
856 876 952 939 ea,
1000 835 1163 939 qua'e
1210 857 1273 920 in
1322 856 1515 922 rebus
1562 855 1835 923 saetisve
1899 862 2050 926 sunt
2094 856 2385 938 ridicula,
2446 874 2486 920 a
2547 855 2786 926 ceteris
2830 856 3006 925 iocu-

513 973 752 1039 laribus
801 973 1091 1056 seposui3
1141 989 1304 1053 quae
1350 961 1716 1037 rideremus
1755 972 1823 1038 in
1868 971 2105 1054 verbiS‚
2153 976 2265 1050 aut
2310 969 2587 1034 narratis
2624 968 3004 1052 quibusdam

513 1086 1100 1170 repraesentatisve
1143 1086 1338 1150 rebus
1385 1085 1607 1150 deberi
1653 1090 1766 1150 aut
1835 1085 1997 1168 ipsis
2067 1083 2345 1168 denique
2403 1084 2468 1147 in
2514 1082 2730 1150 verbis
2776 1078 2995 1148 inesse

520 1199 890 1282 significavi.
1753 1273 1756 1280 ¹

715 1312 895 1392 Quae
944 1331 1086 1377 cum
1127 1303 1252 1376 non
1299 1312 1438 1377 sine
1485 1330 1678 1376 causa
1725 1312 1817 1376 ita
1864 1309 2320 1394 describerem,
2385 1327 2468 1374 ne
2530 1309 2610 1374 de
2672 1308 2993 1389 omnibuS,

510 1443 929 1508 quaecunque
975 1425 1367 1490 haberentur
1410 1424 1699 1504 ridicula,
1746 1424 1813 1488 in
1857 1424 2229 1496 universum
2258 1422 2417 1488 mihi
2450 1426 2629 1488 esset
2660 1413 2997 1504 disputan-

509 1537 678 1617 dum,
727 1544 906 1603 certe
952 1556 1078 1602 non
1154 1523 1219 1601 id
1285 1555 1388 1604 me
1464 1537 1754 1618 fugiebat
1823 1557 1942 1602 nec
2008 1556 2119 1626 res
2162 1537 2357 1618 ipsaS,
2430 1554 2593 1618 quae
2662 1535 2729 1602 in
2804 1553 3000 1602 scena

503 1639 857 1732 'agerentur
926 1646 1046 1698 -““
1077 1671 1221 1718 nam
1289 1657 1513 1734 gestus
1585 1665 1869 1735 quoque·
1908 1650 2230 1735 quoslibet
2282 1643 2419 1717 'huc
2480 1647 2694 1714 refero
2746 1684 2827 1696 —
2876 1667 3005 1713 nec

505 1765 706 1830 verba
751 1765 832 1858 ab
879 1765 1298 1832 histrionibus
1345 1766 1758 1847 pronuntiata
1802 1783 1922 1850 per
1954 1782 2100 1829 sese
2135 1781 2280 1827 esse
2311 1762 2605 1844 ridicula,
2653 1762 2771 1828 sed
2816 1761 2997 1844 quid-

507 1879 662 1961 quid
708 1879 1038 1944 videretur
1081 1880 1440 1958 ridiculum,
1489 1861 1754 1961 propter
1799 1879 1991 1959 solaS,
2040 1896 2203 1961 quae
2232 1876 2395 1960 ‘inde
2440 1877 2506 1940 in
2553 1875 3000 1958 spectantibus

512 1993 1004 2058 audientibusve
1060 1993 1380 2057 orirentur
1427 1992 1850 2072 cogitationes
1899 1992 2096 2056 rideri
2151 1991 2583 2057 memineram.
2631 1989 2772 2053 Non
2805 1989 3003 2073 igitur

501 2143 584 2152 -
609 2105 728 2170 hoc
760 2103 928 2171 enim
960 2111 1105 2170 utar
1136 2107 1425 2190 exemplo
1457 2105 1627 2176 -qsi
1662 2107 1804 2188 quis
1840 2106 2191 2196 vapularet,
2241 2105 2379 2187 ipsa
2410 2104 2683 2170 verbera
2713 2101 2992 2171 ridicula

507 2219 713 2285 videri
762 2219 1034 2298 omnine,
1081 2219 1204 2283 nisi
1250 2219 1315 2283 in
1361 2219 1546 2283 nobis
1593 2224 1706 2284 aut
1750 2217 2162 2302 vapulantem
2195 2221 2308 2282 aut
2337 2218 2790 2282 verberantem
2839 2233 2990 2279 con-

503 2311 937 2395 siderantibus
985 2330 1404 2412 cogitationes
1453 2330 1766 2416 quaedam
1812 2333 2250 2410 gignerentur,
2300 2347 2465 2412 quae
2530 2329 2611 2392 ad
2656 2327 2997 2418 ridendum

503 2466 618 2511 nos
664 2443 1086 2528 impellerent.
1163 2446 1322 2510 Eam
1384 2447 1588 2528 ipsam
1658 2435 1746 2510 ob*
1801 2463 2057 2509 causam
2105 2443 2319 2508 ridere
2390 2440 2549 2508 alios
2614 2441 2994 2520 arbitrabar,

507 2560 664 2626 alios
728 2561 934 2626 serios
989 2557 1294 2642 'spectare
1363 2567 1508 2624 acta
1553 2561 1810 2624 iocosve
1871 2558 2131 2637 audire;
2196 2551 2358 2622 inde
2415 2556 2611 2621 etiam
2671 2554 2991 2647 intellegi,

507 2692 619 2738 cur
664 2673 773 2738 alii
821 2673 1040 2738 statim
1086 2674 1284 2738 risum
1318 2652 1656 2754 tollerent,
1721 2655 1870 2736 sero
1931 2671 2061 2748 alii,
2132 2667 2456 2736 nonnullis
2518 2687 2713 2757 saepe
2760 2666 2989 2732 diebus

497 2792 665 2868 post,
715 2806 902 2868 quam
941 2792 1062 2871 aut
1107 2806 1245 2850 rem
1293 2785 1768 2851 vidissentaut
1804 2769 2072 2850 verbum
2104 2783 2365 2847 auribus
2396 2783 2583 2847 modo
2606 2801 2740 2875 'non
2770 2785 2992 2848 mente

500 2899 980 2983 percepissent3
1051 2918 1238 2980 quam
1307 2901 1386 2964 ob
1456 2918 1622 2980 rem¹
1656 2917 1784 2963 non
1861 2916 2007 2964 esse
2081 2877 2441 2985 dicendum,
2511 2896 2567 2960 si
2637 2895 2781 2976 quis
2826 2895 2995 2961 bene

497 3011 777 3076 animum
824 3013 1214 3093 adverteret,
1264 3011 1344 3076 de
1393 3031 1465 3076 re
1511 3011 1764 3077 factove
1812 3016 1926 3076 aut
1971 3011 2145 3075 dicto
2190 3009 2481 3090 ridicuIO,
2529 3009 2645 3074 sed
2692 3007 2757 3072 id
2803 3007 2989 3072 modo

498 3130 677 3189 recte
746 3107 870 3189 dici
940 3143 1167 3208 posse,
1237 3126 1412 3207 gigni
1483 3124 1682 3189 risum
1749 3129 2039 3190 nostrum
2115 3124 2643 3206 voluptatemque
2712 3121 2990 3214 denique

502 3238 934 3320 spectantium
983 3257 1235 3302 omnem
1283 3245 1396 3302 aut
1425 3255 1558 3321 ‘per
1603 3257 1710 3304 res
1755 3217 2030 3320 factave,
2078 3243 2191 3304 aut
2234 3255 2353 3319 per
2400 3217 2615 3304 verba.

611 3349 614 3353 ’
697 3347 913 3422 'Nihilo
959 3369 1112 3415 vero
1159 3352 1390 3432 seciuS,
1442 3351 1742 3433 quoniam
1789 3350 1855 3415 id
1917 3369 2036 3434 per
2104 3349 2405 3432 loquendi
2474 3367 2659 3413 usum
2727 3348 2988 3430 licebat,

506 3465 648 3546 ipsa
695 3464 890 3528 verba
935 3483 1384 3544 nonnunquam
1430 3461 1698 3528 ridicula
1743 3464 2164 3545 nominabam,
2212 3482 2337 3528 non
2383 3481 2461 3528 ea
2523 3461 2989 3546 quidem,.·qui-

497 3573 635 3641 bus‘
667 3575 856 3642 fictae
904 3579 1214 3659 quaedam
1263 3583 1694 3661 narrataeque
1769 3596 1876 3643 res
1942 3577 2445 3660 continerentur,
2510 3575 2626 3642 sed
2674 3595 2771 3656 ea,
2824 3556 2989 3658 quae

505 3694 772 3773 propter
816 3688 1080 3754 formam
1127 3694 1240 3755 aut
1283 3695 1593 3756 mutatam
1624 3696 1736 3756 aut
1780 3695 2097 3771 novatam,
2147 3709 2311 3774 quae
2358 3696 2625 3773 propter
2656 3688 2987 3755 insolitum

497 3821 683 3868 usum
729 3791 1222 3885 inopinatamve,
1265 3823 1454 3886 quam
1500 3809 1909 3886 occuparent,
1959 3804 2201 3884 sedem,
2250 3803 2526 3885 denique
2574 3821 2739 3886 quae
2788 3823 2989 3886 prop-

498 3921 601 3982 ter
646 3915 1126 3998 ambiguitatem
1175 3918 1512 4000 quandam,
1561 3936 1726 4000 quae
1770 3917 2028 3998 lateret,
2076 3911 2189 3982 aut
2252 3916 2606 4006 simplicem
2653 3921 2768 3982 aut
2814 3934 2982 3983 com-

494 4031 791 4115 positam,
840 4031 1099 4113 variam,
1148 4031 1569 4114 multiplicem
1615 4032 1717 4098 vel
1763 4017 1985 4098 invitis
2034 4031 2451 4096 conciliarent
2481 4049 2623 4095 cum
2655 4029 2989 4096 hilaritate

496 4144 717 4212 risum.
1948 4222 1951 4229 Ι

707 4257 796 4321 Ac
844 4257 923 4322 de
969 4257 1070 4322 his
1135 4277 1274 4339 eg0,
1344 4277 1508 4340 quae
1576 4259 1643 4322 in
1704 4259 1921 4324 verbis
1990 4258 2143 4324 solis
2192 4262 2442 4336 essent,
2483 4241 2669 4340 sitae,
2732 4256 2989 4336 ridendi

499 4371 706 4444 causis
769 4371 1168 4452 inquirebam
1237 4377 1305 4436 et
1388 4371 1702 4437 eiusmodi
1761 4372 2211 4454 Aristophanis
2294 4370 2491 4436 verba
2554 4370 2978 4436 extrinsecus

497 4484 722 4564 magis,
768 4503 954 4565 quam
981 4484 1332 4550 secundum
1377 4485 1854 4567 cogitationum,
1903 4503 2066 4568 quae
2102 4483 2253 4548 inde
2302 4483 2705 4548 exorirentur
2749 4483 2981 4550 risum-

499 4615 622 4678 que
668 4604 1016 4678 moverent,
1066 4603 1358 4663 naturam
1404 4597 1469 4662 in
1539 4597 1700 4663 haec
1763 4577 2045 4682 quinque
2113 4617 2357 4680 genera
2418 4583 2738 4663 distribui.
2804 4597 2983 4676 Quae

495 4709 722 4814 divisio
771 4711 1027 4776 etiamsi
1075 4713 1175 4777 cui
1224 4711 1520 4776 videatur
1565 4711 1917 4794 angustior,
1981 4731 2121 4778 cum
2169 4729 2333 4794 quae
2390 4711 2584 4794 quina
2645 4711 2776 4776 sint
2835 4730 2981 4776 raro

496 4821 788 4906 perfecta
830 4824 1252 4908 absolutaque
1306 4843 1452 4892 esse
1497 4829 1829 4912 putentur,
1878 4832 2130 4892 sextum
2180 4831 2396 4890 tamen
2426 4825 2700 4890 inveniri
2732 4826 2977 4908 nequit.

701 4938 966 5005 Utinam
1012 4940 1112 5005 his
1161 4938 1507 5024 effecerim,
1555 4959 1636 5005 ne
1683 4939 1825 5005 iure
1874 4957 1988 5005 suo
2034 4938 2555 5022 philosophorum
2617 4917 2776 5020 gens
2822 4939 2981 5004 mihi

497 5053 910 5120 succenseat!
957 5052 1218 5121 Utinam
1263 5053 1358 5122 illi
1390 5053 1514 5121 sibi
1558 5053 1995 5140 persuadeant
2038 5071 2141 5121 me
2186 5071 2315 5119 non
2360 5070 2479 5118 sua
2522 5052 2681 5118 mihi
2712 5071 2981 5120 munera

2560 5156 2601 5222 2
2628 5157 2661 5197 ss
