3609 5742
1685 611 1772 680 53

482 792 756 858 alteram
803 793 1150 876 apposuit?
1217 794 1304 858 At
1343 791 1452 872 γὰρ
1497 797 1815 877 particula
1859 798 2104 863 inutilis
2158 797 2438 861 iaceret!
2500 791 2709 859 Erunt
2752 791 2969 873 igitur,

487 907 592 988 qui
638 907 856 970 dicant
901 906 1371 972 Philocleonem
1417 926 1554 972 rem
1602 910 2006 976 manifestam
2053 915 2281 992 putare
2328 914 2594 991 propter
2648 908 2736 987 id,
2803 905 2972 988 quod

482 1019 796 1084 Labetem
843 1021 908 1084 in
953 1023 1094 1102 ipso
1136 1020 1308 1087 furto
1358 1022 1917 1105 deprehendisset,
1984 1029 2098 1088 aut
2145 1023 2313 1105 quod
2377 1021 2459 1085 ad
2503 1019 2813 1103 liquidum
2862 1038 2970 1084 ex-

483 1132 870 1215 ploravisset
917 1135 1276 1216 veritatem.
1327 1137 1413 1200 At
1460 1136 1549 1200 nil
1596 1137 2045 1219 deprehendit,
2117 1135 2207 1200 nil
2256 1134 2631 1218 exploravit,
2703 1153 2829 1198 non
2874 1133 2973 1198 in-‘

485 1247 743 1328 dagavit
789 1248 1154 1331 quidquam,
1204 1249 1360 1314 nihil
1394 1251 1674 1331 denique
1707 1249 2178 1332 proferebatur,
2228 1268 2367 1332 quo·
2401 1249 2641 1331 crimen
2673 1247 2972 1330 probare-

484 1365 608 1424 tur.
655 1361 887 1426 Verbis
934 1363 1120 1428 modo
1167 1369 1502 1430 accusator
1549 1365 1683 1446 egit
1731 1371 1798 1428 et
1844 1383 1925 1428 ne
1972 1365 2055 1428 ad
2101 1362 2291 1428 finem
2326 1363 2583 1444 quidem
2618 1361 2973 1426 orationem

482 1476 799 1557 perduxit.
845 1477 977 1542 Res
1023 1497 1176 1543 vero
1224 1479 1429 1560 ipsae,
1477 1478 1718 1559 radula,
1769 1478 1911 1556 olla,
1960 1476 2295 1559 pistillum,
2344 1475 2670 1558 craticula,
2724 1473 2975 1556 reliqua

484 1607 638 1652 vasa
685 1589 914 1655 adusta
960 1597 1189 1672 postea
1235 1591 1486 1655 demum
1535 1592 1686 1656 inde
1750 1611 1789 1656 a
1835 1609 2029 1656 versu
2075 1591 2201 1652 936
2248 1609 2287 1654 a
2331 1589 2763 1672 Bdelycleone
2812 1587 2965 1653 toti-

485 1701 630 1766 dem
698 1702 962 1768 Labetis
1031 1704 1242 1784 magni
1310 1705 1716 1768 innocentiae
1789 1709 1999 1768 testes
2066 1703 2443 1769 invocantur
2524 1710 2592 1768 et
2658 1702 2834 1767 velut
2910 1703 2977 1767 in

491 1814 768 1879 medium
816 1816 1100 1881 tribunal
1147 1816 1578 1899 proferuntur.
1654 1817 1740 1881 Et
1784 1837 1867 1882 ne
1937 1819 2001 1882 id
2072 1817 2329 1899 quidem
2400 1815 2755 1881 concedere
2814 1815 2973 1880 licet

486 1928 959 1994 Philocleonem
1007 1949 1146 1995 eam
1198 1931 1277 1995 ob
1327 1949 1584 1996 causam
1633 1930 1909 1995 dixisse:
1973 1930 2147 2011 „Res
2216 1929 2561 1994 manifesta
2630 1931 2764 2008 es't3
2832 1929 2973 2010 ipsa

473 2042 656 2138 ⁴enim
703 2042 1045 2108 manifesta
1091 2047 1256 2122 est“,
1307 2043 1409 2108 vel
1459 2063 1618 2126 „per
1663 2063 1734 2108 se
1783 2045 1953 2108 enim
1999 2047 2247 2126 patet“‚
2321 2063 2445 2125 quo
2505 2043 2706 2124 magis
2754 2047 2969 2107 osten-

475 2137 675 2222 deret
721 2177 792 2223 se
839 2159 1236 2239 argumentis
1282 2158 1683 2241 indiciisque,
1751 2175 2171 2240 quaecunque
2220 2163 2461 2236 essent,
2532 2156 2700 2222 velle
2746 2173 2971 2238 super-

493 2272 742 2352 sedere,
819 2292 958 2336 cum
1007 2273 1162 2336 nihil
1209 2277 1458 2338 tantum
1505 2278 1766 2355 tamque
1814 2292 2012 2354 grave
2082 2271 2207 2336 sibi
2274 2270 2605 2335 videretur
2670 2270 2973 2352 futurum,

494 2386 663 2466 quod
709 2385 1100 2467 prohiberet,
1176 2387 1512 2468 quominus
1556 2387 1871 2451 Labetem
1920 2385 2394 2464 condemnaret.
2462 2384 2756 2450 Dixisset
2803 2383 2974 2448 enim

487 2498 685 2563 multo
733 2519 858 2564 non
902 2501 1088 2565 modo
1148 2500 1396 2580 meliuS,
1467 2501 1584 2564 sed
1644 2501 1840 2563 etiam
1902 2499 2226 2564 veracius:
2293 2496 2466 2556 οὐδὲν
2532 2495 2617 2557 ἔτι
2680 2494 2976 2577 βούλομαι

488 2609 758 2685 ἀκούειν,
828 2613 931 2678 vel
1003 2609 1284 2672 πλειόνων
1356 2612 1424 2672 ου’
1499 2617 1600 2673 δεῖ
1655 2611 1860 2691 λόγων.
1930 2613 2072 2678 Non
2140 2613 2336 2693 igitur
2399 2631 2554 2677 usus
2625 2615 2803 2676 esset
2865 2610 2975 2674 illo

490 2723 636 2786 αὐτὸ
683 2725 792 2806 γὰρ
837 2729 978 2806 βοᾷ,
1027 2728 1149 2792 nisi
1196 2729 1460 2794 verbum
1508 2732 1660 2807 βοᾶν
1710 2729 1967 2792 omnino
2025 2725 2337 2790 voluisset
2400 2725 2726 2791 adhibere.
2793 2722 2977 2803 Quod

493 2844 565 2902 ut
610 2839 742 2904 VV.
789 2841 926 2905 DD.
974 2842 1421 2923 persuadeam,
1471 2848 1762 2923 repetam
1813 2860 2068 2906 versum
2102 2839 2267 2902 903.
2891 2835 2893 2838 ’

695 2953 821 3018 Ubi
868 2973 1008 3018 cum
1056 2955 1230 3018 canis
1279 2954 1771 3038 Cydathenaeus
1818 2947 1894 3014 αὖ
1927 2945 2003 3014 αὖ
2047 2954 2289 3018 latrans
2337 2954 2693 3033 inducatur,
2759 2970 2883 3035 quo
2933 2969 2969 3018 e

488 3066 730 3131 latratu
776 3085 974 3134 senex
1020 3069 1239 3132 statim
1302 3069 1629 3150 cognoscit
1688 3067 1927 3147 ἀγαθὸν
1988 3087 2135 3134 esse
2194 3063 2458 3128 ὑλακτεῖν
2518 3068 2617 3125 καὶ
2678 3067 2979 3148 διαλείχειν

487 3177 594 3248 τὰς
639 3177 876 3262 χύτρας,
925 3179 1073 3244 dein
1122 3200 1264 3244 cum
1313 3201 1350 3244 a
1396 3199 1589 3246 versu
1637 3179 1783 3248 975.
1832 3201 2038 3264 usque
2083 3185 2166 3248 ad
2211 3183 2358 3246 979.
2404 3181 2508 3247 vel
2540 3180 2735 3245 catuli
2766 3179 2973 3245 Labe·

490 3293 576 3357 tis
623 3294 891 3374 gannire
938 3294 1304 3376 iubeantur,
1354 3295 1617 3360 dubium
1663 3294 1802 3360 fere
1850 3316 1975 3362 non
2023 3303 2145 3377 est,
2210 3296 2362 3379 quin
2410 3295 2604 3359 etiam
2651 3294 2821 3359 inter
2866 3310 2979 3357 eos

491 3425 845 3486 sermoneS,
893 3409 997 3491 qui
1047 3429 1086 3474 a
1149 3419 1252 3474 vs.'
1305 3410 1450 3474 903.
1501 3429 1704 3492 usque
1741 3401 1830 3474 ad
1876 3410 2003 3475 979
2049 3411 2391 3491 habentur,
2443 3427 2635 3474 canes
2682 3425 2974 3473 nonnun-

491 3541 679 3603 quam
723 3521 1121 3603 latraverint,
1190 3529 1280 3604 ut,
1350 3541 1472 3604 quo
1520 3523 1646 3605 ipsi
1691 3529 1804 3588 aut
1848 3524 2082 3605 gaudio
2114 3523 2528 3588 afficerentur
2572 3527 2689 3587 aut
2735 3520 2975 3598 dolore,

491 3635 1002 3718 disceptantibus
1048 3637 1206 3702 viris
1241 3638 1678 3703 ostenderent.
1726 3637 1997 3702 Accedit
2028 3636 2197 3719 quod
2227 3634 2562 3717 XanthiaS,
2611 3633 2718 3716 qui
2752 3651 2977 3698 servus

489 3749 879 3815 accusatoris
925 3754 1145 3831 partes
1179 3751 1331 3830 agit,
1379 3755 1604 3832 aperte
1637 3750 1796 3814 dicit
1848 3747 1938 3809 {32oe
1968 3746 2049 3828 μή
2100 3747 2386 3829 κεκλάγγω
2434 3744 2534 3807 διὰ
2580 3751 2745 3826 κενῆς
2791 3739 2979 3813 ἄλλως

492 3861 599 3942 ἐγώ
649 3868 768 3944 (vs,
815 3862 996 3948 929),
1068 3863 1297 3946 quibus
1344 3862 1559 3929 verbis
1611 3864 1754 3928 ‘n’on
1818 3869 1998 3928 esset
2046 3881 2220 3945 usuS,
2290 3860 2416 3926 nisi
2479 3860 2653 3926 canis
2722 3861 2979 3943 saepius

493 3977 884 4042 latravisset.
977 3977 1143 4056 Quid
1225 3977 1393 4059 quod
1461 3977 1730 4042 alterius
1805 3976 1980 4041 canis
2048 3975 2559 4041 taciturnitatem
2625 3973 2973 4056 Bdelycleo

493 4089 613 4173 (sic
662 4091 829 4156 enim
865 4091 1216 4174 Bergkius)
1263 4109 1358 4155 VS.
1405 4090 1551 4153 944.
1599 4097 1826 4172 aperte
1881 4089 2223 4172 improbat3
2271 4107 2459 4170 quem
2504 4107 2629 4154 non
2659 4087 2985 4171 potuisset

490 4201 847 4288 increpare,
896 4205 950 4269 si
997 4205 1171 4270 canis
1219 4210 1494 4287 uterque
1539 4223 1657 4286 per
1688 4209 1893 4270 totam
1938 4204 2121 4287 hanc,
2169 4203 2232 4267 in
2282 4223 2407 4285 qua
2451 4201 2753 4267 iudicium
2782 4200 2978 4265 habe-

491 4322 620 4392 tur,
665 4317 918 4382 fabulae
964 4323 1216 4400 partem
1263 4322 1476 4381 mutus
1525 4317 1863 4382 astitisset.
1912 4317 2035 4381 Est
2079 4315 2356 4397 denique
2388 4316 2509 4380 hac
2538 4317 2604 4380 in
2634 4333 2707 4379 re
2732 4313 2980 4380 Aristo—

491 4430 722 4513 phanis
767 4431 1026 4512 ingenio
1073 4431 1604 4514 morigerandum,
1654 4436 1726 4494 ut
1771 4431 1934 4496 hanc
1981 4447 2258 4512 scenam,
2308 4429 2595 4511 quamvis
2645 4427 2732 4492 sit
2778 4427 2982 4492 omnis

491 4543 750 4624 generis
796 4543 1175 4610 facetiarum
1219 4543 1612 4626 plenissima,
1659 4542 2050 4608 latrantibus
2084 4543 2368 4622 canibuS,
2418 4542 2730 4625 quomodo
2762 4542 2979 4608 verbis

495 4664 562 4722 et
607 4659 861 4723 actione
910 4663 1446 4737 commoveantur,
1497 4662 1610 4722 aut
1653 4658 1786 4721 alta
1832 4662 1945 4721 aut
1990 4657 2169 4722 tenui
2228 4655 2555 4739 flebilique
2610 4675 2765 4722 voce
2832 4675 2979 4738 pro-

494 4770 819 4854 dentibuS,
870 4770 1074 4852 magis
1125 4770 1320 4836 etiam
1367 4770 1700 4836 ridiculam
1749 4776 1837 4846 et,
1887 4775 1959 4834 ut
2002 4771 2095 4835 ita
2146 4770 2373 4853 dicam,
2443 4769 2982 4836 turbulentiorem

495 4885 954 4968 quodammodo
1001 4890 1258 4968 poetam
1307 4883 1634 4950 effinxisse
1678 4890 1998 4966 putemus.
2050 4885 2260 4966 Saepe
2317 4883 2489 4948 enim
2555 4882 2748 4949 etiam
2796 4903 2981 4951 rana-

490 5019 630 5068 rum
675 5000 834 5066 illud
879 4998 1214 5078 βρεκεκεκὲξ
1257 4997 1414 5071 κοὰξ
1457 4997 1628 5074 κοάξ,
1676 5017 1872 5082 saepe
1918 4999 2129 5064 avium
2176 4994 2291 5076 τιό,
2336 4998 2481 5084 plus
2530 4998 2735 5070 semel
2783 4997 2979 5068 etiam
