3609 5742
1720 629 1805 694 49

513 805 610 867 καὶ
655 807 1089 887 ἐγχυτριστριάς
1135 801 1378 866 ἐκάλουν
1421 801 1532 874 τὰς
1576 803 2035 885 διακονουμένας
2092 800 2169 865 τὰ
2212 803 2427 885 βρέφη.
2483 803 2579 862 καὶ
2638 805 2739 862 νῦν
2786 795 2891 863 οὖν
2935 802 3014 874 ὥς

515 921 610 980 ἐπὶ
653 917 946 988 ἀπωλείας
989 923 1094 980 τοῦ
1127 919 1565 998 κριθησομένου
1610 917 1791 999 ἔθηκε
1836 925 1944 998 τῆν
1992 915 2161 990 λέξιν.
2206 913 2348 992 παρ’
2378 909 2527 977 ὅσον
2556 911 2631 975 τὰ
2664 916 3014 996 ἐκτιθέμενοι

513 1030 554 1113 ἢ
613 1037 693 1104 εἰς
759 1028 904 1112 ὅρος
962 1028 1000 1114 ἢ
1058 1036 1138 1104 εἰς
1199 1031 1416 1112 ἔρημον
1473 1029 1666 1094 τόπον
1729 1030 2027 1113 βάλλεται.
2076 1029 2385 1116 (Venet.).
2474 1029 2673 1096 Hisce
2719 1047 3013 1112 magnam

511 1153 761 1229 partem
810 1145 1044 1212 similia
1089 1145 1284 1212 etiam
1330 1146 1501 1230 apud
1547 1145 1807 1212 Suidam
1856 1145 2133 1226 legimus
2195 1144 2315 1209 sub
2362 1160 2517 1208 voce
2564 1145 3009 1224 ἐγχυτρίστριαι.

512 1262 573 1320 αἱ
617 1255 724 1329 τὰς
767 1257 914 1342 χοὰς
959 1265 1083 1329 τοῖς
1127 1245 1578 1340 τετελευτηκόσί
1602 1253 2011 1336 ἐπιφέρουσαιῤ
2057 1258 2261 1325 Μίνως
2304 1251 2345 1336 ἢ
2388 1255 2523 1332 περὶ
2567 1251 2771 1334 νόμου.
2818 1253 3013 1336 ἔλεγον

513 1372 580 1434 δὲ
621 1373 719 1434 καὶ
763 1371 832 1434 τὸ
893 1371 1132 1454 βλάψαι
1173 1376 1613 1457 καταχυτρίσαι·
1677 1371 1760 1442 ὥς
1805 1367 2255 1449 Ἀριστοφάνης.
2297 1367 2347 1455 ¹)
2437 1365 2899 1452 Ἐγχυτριστρίας
2945 1370 3013 1430 δὲ

509 1487 788 1567 λέγεσθαι
830 1487 927 1548 καὶ
971 1479 1112 1572 ιὅσαι
1157 1483 1298 1556 τούς
1343 1489 1557 1566 ἐναγεῖς
1599 1489 2018 1569 καθαίρουσιν,
2041 1477 2215 1562 ·αἴμα
2260 1483 2596 1566 ἐπιχέουσαι
2641 1485 2875 1560 ἱερείου·
2912 1485 3013 1544 καὶ

509 1597 616 1671 τὰς
659 1603 1042 1680 θρηνητριάς,
1088 1599 1172 1662 ἔτι
1215 1624 1275 1679 γε
1319 1598 1433 1681 μὴν
1491 1601 1593 1660 καὶ
1634 1595 1743 1670 τὰς
1785 1601 1970 1678 μαίας
2012 1593 2121 1667 τὰς
2166 1599 2504 1666 ἐκτιθείσας
2550 1600 2607 1658 ἐν
2650 1585 2890 1680 χύτραις
2935 1595 3012 1659 τά

513 1715 727 1794 βρέφη,
775 1733 940 1797 quae
987 1714 1184 1780 v'erba
1230 1714 1562 1782 Musurum
1606 1730 1950 1796 perperam
1997 1712 2271 1777 scholiis
2304 1711 2733 1778 immiscuisse
2781 1711 3002 1778 Dueb-.

510 1846 704 1894 nerus
775 1828 857 1894 ad
915 1827 982 1896 id
1077 1829 1441 1913 vesparum
1509 1827 1794 1895 scholion
1864 1826 2217 1910 annotavit,
2286 1825 2455 1911 quod
2524 1843 2720 1909 supra
2776 1825 2999 1893 lauda-

511 1940 736 2009 vimus.
1023 1929 1028 1932 ’
1661 1953 1670 1966 ·

717 2056 1086 2138 Exagitavit
1132 2053 1352 2139 igitur‘
1377 2056 1480 2129 hic
1526 2057 1704 2121 locus
1735 2075 1864 2122 non
1896 2055 2311 2120 mediocriter
2341 2053 2445 2119 vel
2474 2051 2997 2136 antiquissimum

509 2188 828 2254 quemque
873 2170 1322 2264 Aristophanis
1369 2175 1961 2250 commentatorem,
2010 2187 2133 2251 quo
2180 2166 2447 2233 meliora
2478 2186 2559 2232 ne
2592 2166 2993 2232 recentiores

511 2285 772 2366 quidem
816 2283 1211 2366 interpretes
1274 2285 1677 2350 invenerunt.
1741 2283 2202 2348 Verumtamen
2264 2298 2391 2345 non
2453 2283 2595 2344 erat
2661 2278 3007 2346 divinantis

505 2396 909 2479 intellegere,
959 2417 1072 2463 cur
1115 2403 1310 2480 poeta
1356 2394 1708 2479 ἐγχυτρίζειν
1752 2396 1977 2462 mallet
2020 2396 2262 2476 dicere,
2334 2412 2525 2475 quam
2569 2389 3003 2475 καταδικάζειν,

509 2508 855 2586 ἀπολλύναι,
918 2508 1295 2586 ἀποκτείνειν,
1325 2507 1640 2593 ,βλάπτειν
1685 2509 1985 2592 denique,
2049 2503 2129 2574 ut
2180 2507 2274 2572 illi
2321 2505 2563 2588 Volunt,
2600 2524 2776 2598 'cum
2820 2502 3007 2588 χύτρα

511 2631 580 2692 01
623 2623 837 2707 χύτρος
880 2625 971 2691 1111
1016 2630 1280 2707 praeter
1325 2624 1535 2704 ollam,
1581 2642 1904 2707 nunquam
1966 2618 2153 2682 κάδον
2210 2622 2347 2688 sive
2407 2617 2709 2694 κάδισκον,
2777 2619 3005 2685 iudici-

509 2738 674 2804 alem
721 2739 896 2805 illam
943 2757 1190 2820 urnam,
1240 2737 1624 2820 significent.
1689 2737 1882 2802 Lusit
1922 2734 2243 2817 nimirum,
2310 2753 2437 2800 non
2484 2734 2683 2814 soniS,
2752 2733 2871 2798 sed
2940 2732 3002 2798 vi

507 2871 586 2917 ac
614 2851 980 2918 notionibus
1012 2851 1464 2918 vocabulorum
1513 2849 1704 2925 ἔσθιε,
1751 2847 1967 2930 παχύς,
2016 2853 2341 2931 ἐγχυτριεῖς.
2389 2848 2685 2931 Namque
2730 2851 2999 2930 praeter

511 2984 670 3044 eam,
709 2984 872 3048 quae
905 2967 973 3031 in
1004 2966 1332 3030 sententia
1356 2961 1434 3044 μὴ
1469 2964 1640 3028 ἔσθιε
1671 2960 1921 3024 σεαυτόν
1952 2963 2121 3028 solet
2151 2963 2387 3046 inesse,
2436 2961 2999 3044 significationem,

511 3081 707 3145 verbo
756 3085 944 3144 tenus
993 3079 1166 3143 illam
1214 3078 1504 3160 intellegi
1552 3079 1772 3157 voluit,
1837 3078 2063 3142 eodem
2125 3077 2333 3160 modo,
2400 3095 2524 3158 quo
2570 3075 2790 3140 multis
2857 3093 3001 3156 pro-

516 3192 756 3258 verbiis
804 3211 878 3257 ac
937 3192 1282 3274 phrasibus
1344 3193 1525 3274 privo
1588 3191 2037 3258 vocabulorum
2106 3209 2304 3255 sensu
2370 3189 2617 3254 iocatur
2678 3187 3001 3252 adhibitis.

510 3306 676 3385 Quid
724 3306 891 3387 quod
935 3306 1077 3388 ipse
1125 3305 1468 3385 Philocleo,
1517 3323 1708 3387 quem
1757 3305 1986 3370 chorus
2032 3304 2134 3368 his
2180 3303 2395 3369 verbis
2442 3302 2811 3384 alloquitur,
2862 3318 3003 3367 cum

518 3421 684 3486 alter
732 3418 954 3484 Ulixes
999 3419 1183 3484 aselli
1219 3418 1450 3484 sumini
1481 3418 1782 3500 alligatus
1818 3437 1857 3482 a
1886 3417 2017 3483 filio
2050 3416 2675 3500 deprehenderetur,
2720 3415 2999 3480 interro-

513 3540 702 3614 gatus
749 3533 880 3611 περὶ
925 3535 1032 3594 τοῦ
1089 3539 1272 3615 μαχεῖ
1327 3536 1442 3608 νῷν
1487 3535 1670 3612 ὃῆτας
1717 3531 2134 3615 Bdelycleoni
2192 3531 2259 3596 in
2316 3548 2409 3595 VS.
2452 3527 2607 3622 191.
2671 3527 3004 3611 respondit

503 3651 636 3725 περὶ
679 3641 818 3708 ὄνου
866 3649 1060 3716 σκιᾶςὲ
1110 3647 1354 3726 Quibus
1398 3646 1614 3712 verbis
1661 3665 1786 3710 non
1832 3646 2023 3711 vilem
2070 3643 2385 3728 quandam
2438 3643 2641 3723 litem,
2688 3643 2806 3708 sed
2836 3641 2997 3706 ridi-

434 3791 438 3794 ·
509 3762 715 3826 culam
785 3760 999 3844 fugam
1068 3760 1234 3824 asini
1292 3765 1518 3825 ventre
1588 3764 1657 3824 et
1722 3759 1949 3826 umbra
2016 3763 2254 3824 tectam
2326 3774 2398 3822 se
2466 3755 2677 3822 moliri
2742 3760 3002 3822 servata

505 3873 786 3958 pristina
830 3873 1282 3940 vocabulorum
1325 3874 1591 3938 notione
1639 3872 2025 3954 designavit.
2082 3875 2306 3954 Παχεῒς
2351 3889 2541 3954 porro
2588 3889 2716 3936 non
2762 3870 3000 3936 divites

509 3994 758 4053 tantum
806 3989 1128 4069 dicuntur,
1176 3989 1292 4054 sed
1337 3988 1386 4052 ii
1433 3988 1648 4067 etiam,
1713 3988 1822 4069 qui
1876 3988 2019 4070 ipsa
2078 3987 2363 4068 corporis
2422 3990 2655 4051 natura
2723 3985 2998 4069 pingues

507 4106 675 4167 sunt.
723 4098 1069 4182 Ἐγχυτρίζω
1137 4125 1192 4162 τι
1261 4101 1538 4183 denique
1599 4102 1857 4184 proprie
1921 4105 2052 4168 est:
2120 4100 2188 4165 in
2255 4099 2381 4166 olla
2442 4098 2686 4182 aliquid
2730 4117 2995 4180 ponere,

503 4215 812 4280 videlicet
860 4221 929 4280 ut
973 4233 1338 4297 coquamus,
1387 4216 1566 4295 Quae
1599 4233 1742 4281 cum
1771 4215 1940 4279 bene
1996 4212 2395 4278 intellexerit
2424 4211 2692 4278 Florens
2726 4209 2996 4276 Christi-

505 4347 684 4408 anus,
733 4327 870 4393 fere
917 4328 1276 4394 mirandum
1324 4335 1445 4410 est,
1495 4328 1683 4411 quod,
1756 4327 2049 4410 quamvis
2094 4345 2223 4393 non
2268 4324 2455 4392 modo
2502 4325 2729 4394 doctus
2774 4323 2995 4406 fuerit,

505 4441 640 4522 sed,
691 4443 869 4508 cuius
931 4443 1174 4508 similes
1240 4461 1420 4510 raros
1491 4442 1804 4524 inveniaS,
1874 4459 2072 4522 sagax
2133 4445 2203 4506 et
2260 4438 2533 4521 facetuS,
2604 4445 2735 4504 tam
2799 4456 2998 4523 prave

503 4553 693 4620 huius
739 4556 860 4621 loci
905 4573 1167 4622 sensum
1213 4556 1508 4622 detorsit.
1563 4556 1740 4636 „Est,
1811 4555 2041 4638 inquit,
2100 4571 2385 4637 coquere
2446 4552 2515 4618 in
2560 4552 2706 4634 olla,
2774 4552 2843 4617 id
2888 4557 2993 4618 est

507 4667 727 4734 dolore
795 4667 1057 4735 afficere
1125 4676 1192 4736 et
1259 4669 1440 4738 velut
1510 4669 1887 4736 conficere.“
1978 4667 2174 4748 Quasi
2240 4666 2515 4749 gallinas
2587 4671 2656 4732 et
2722 4665 2993 4776 bubulas

717 4915 756 4983 ¹)
794 4913 1054 4968 memoria
1091 4912 1349 4969 videlicet
1398 4911 1554 4967 illum
1601 4912 1829 4978 fefellit;
1885 4911 2121 4966 scribere
2177 4911 2405 4967 debebat
2459 4908 2812 4980 ἐγχυτρίσαις
2848 4908 2994 4964 Flor.

507 5000 701 5060 Christ.
740 5001 876 5059 alibi
912 5001 1330 5076 Aristophanem
1367 5000 1468 5059 hoc
1505 5000 1762 5059 vocabulo
1803 5016 1959 5055 usum
1998 5015 2116 5057 esse
2152 4999 2374 5070 putavit.

2638 5089 2682 5151 4
