3609 5742
1850 579 1929 644 16

647 778 812 844 quae
859 759 1046 856 quo
1094 757 1244 839 dixi,
1293 755 1434 822 fieri
1480 773 1750 822 necesse
1799 761 1958 822 era-t.
2006 753 2193 820 Unde
2238 752 2428 820 facile
2476 753 2853 836 explicatur,
2902 772 3033 832 cur,
3080 754 3137 819 si

649 892 799 939 vere
861 872 1131 938 ridicula
1201 871 1459 950 dixeriS,
1529 870 1781 936 subitus
1848 869 2018 937 risus
2088 868 2340 934 dicendi
2412 867 2811 934 celeritatem
2880 872 3136 949 aequet,

644 985 958 1054 arcessita
1001 984 1225 1050 tardus
1273 984 1720 1065 subsequatur.

827 1099 1032 1178 ‚Quae
1081 1097 1333 1164 etiamsi
1379 1098 1570 1179 plana
1615 1097 1956 1164 videantur
2002 1096 2230 1175 omnia,
2301 1101 2517 1190 tamen
2565 1087 2688 1176 quo
2758 1093 2960 1174 magis
3008 1095 3138 1160 sint

643 1213 711 1277 in
757 1217 1002 1294 aperto,
1050 1211 1256 1278 altero
1304 1211 1502 1276 etiam
1551 1209 1842 1292 exemplo
1887 1209 2243 1274 illustrabo,
2290 1207 2563 1274 Patebat
2596 1207 2864 1274 enimin
2896 1206 3135 1272 Achar-

642 1327 935 1394 nensium
980 1326 1275 1393 versibus
1342 1325 1471 1392 illis
1541 1325 1728 1392 unius
1796 1325 1977 1390 verbi
2047 1323 2450 1406 ambiguitas,
2517 1323 2704 1403 Quid,
2776 1320 2834 1386 si
2903 1322 3137 1387 deesse

639 1442 936 1509 videatur
980 1440 1111 1522 illa,
1185 1445 1262 1504 ut
1305 1440 1372 1503 in
1441 1439 1603 1521 Equ.
1673 1457 1770 1515 vs
1837 1435 1969 1504 55?
2037 1437 2240 1518 Quem
2308 1441 2381 1502 ut
2446 1435 2711 1504 reddam
2781 1435 3134 1516 clariorem,

647 1553 836 1638 paulo
882 1553 1076 1619 altius
1123 1571 1255 1618 rem
1301 1557 1675 1634 repetam.
2186 1613 2193 1628 ,

849 1669 942 1734 Ac
987 1668 1146 1732 duos
1193 1666 1360 1747 illos,
1409 1667 1516 1748 qui
1563 1685 1894 1732 servorum
1940 1670 2161 1748 partes
2206 1670 2477 1745 agentes
2537 1683 2645 1730 res
2710 1681 2859 1728 suas
2883 1603 3130 1726 adver·

642 1801 747 1848 sas
793 1771 1066 1848 invicem
1113 1779 1660 1859 commiseramur,
1707 1778 1957 1844 Niciam
2005 1782 2257 1844 constat
2312 1776 2737 1858 exagitavisse
2784 1781 2852 1841 et
2896 1775 3131 1840 Demo-

639 1895 952 1960 sthenem.
1004 1875 1283 1972 Quorum
1325 1892 1490 1958 alter
1513 1875 1691 1957 dirae
1727 1867 2057 1956 servitutis
2092 1895 2452 1956 consortem
2498 1889 2875 1970 interrogat
2922 1905 3134 1952 nonne

527 2047 534 2050 -
641 2007 1113 2090 spectatoribus
1160 2007 1465 2070 miserum
1496 2024 1712 2070 rerum
1745 2023 2003 2070 sualum
2038 2009 2276 2068 statum
2310 2020 2629 2086 exponere
2662 2003 2940 2085 placeat.

950 2117 1555 2201 βούλει-τὸπρᾶγμα
1596 2125 1720 2190 τοῖς
1766 2124 2082 2178 θεαταῖσιν
2130 2115 2380 2195 motio-003
2470 2135 2561 2182 vs.
2610 2117 2712 2180 36.

641 2233 798 2298 Tum
845 2233 938 2298 sic
965 2212 1121 2298 'fere
1169 2233 1639 2303 Demosthenes
1685 2250 1823 2296 rem
1872 2230 2192 2312 explicare
2241 2220 2545 2295 orditurt'

847 2348 1022 2414 Esse·
1061 2348 1181 2413 sibi
1229 2347 1472 2426 herum,
1521 2346 1831 2428 Populum
1878 2345 2195 2427 quendam
2244 2342 2478 2428 (Δῆμον
2528 2345 2862 2424 ῌυκνίτην),
2924 2360 3132 2407 moro-

646 2481 786 2529 sum
835 2481 1078 2542 senem,
1127 2462 1233 2544 qui
1280 2479 1510 2526 recens
1557 2460 1821 2524 tertium
1856 2477 2135 2539 servum,
2182 2475 2456 2539 eumque
2489 2433 2921 2538 vaferrimum,
2970 2455 3131 2520 cori-

641 2576 846 2642 arium
892 2574 1366 2657 Paphlagonem
1415 2574 1715 2652 emisset3
1786 2591 1976 2654 quem
2023 2570 2209 2636 malis
2256 2571 2507 2637 artibus
2574 2570 2797 2637 herum
2866 2568 3133 2634 circum-

641 2690 884 2768 venire,
933 2687 1198 2766 adulari,
1249 2688 1542 2752 omnibus
1590 2687 1794 2751 modis
1842 2685 2145 2767 decipere
2174 2669 2353 2750 'haec
2400 2685 2846 2750 dictitantem:

645 2822 737 2868 VS.
783 2802 886 2868 50.
963 2795 1010 2862 ὦ
1060 2804 1244 2880 Δῆμε,
1289 2803 1500 2860 λοῦσαι
1548 2801 1781 2876 πρῶτον
1830 2797 2141 2868 ἐκδικάσας
2186 2803 2345 2881 μίαν,
2887 2795 2889 2798 ’

953 2917 1156 2988 ἐνθοῦ,
1205 2911 1493 2994 ῥόφησον,
1542 2909 1787 2993 ἔντραγ’,
1837 2911 1928 2995 ἔχε
1972 2912 2317 2993 τριώβολον.

953 3025 1151 3108 βούλει
1196 3030 1462 3104 παραθῶ
1511 3049 1608 3088 σοι
1656 3023 1917 3103 δόρπονς

639 3144 822 3217 Τιιιιι,
870 3140 1180 3224 quidquid
1223 3141 1292 3204 in
1337 3159 1562 3206 manus
1607 3140 1964 3219 incidisset,
2030 3139 2157 3204 esti
2220 3138 2299 3203 ab
2362 3138 2489 3203 alio
2550 3142 2865 3220 paratum,
2932 3136 3131 3204 surri-

639 3275 795 3340 pere
869 3253 1338 3336 Paphlagonem
1411 3258 1480 3317 et
1547 3253 1702 3318 hero
1770 3254 1977 3334 ipsum
2047 3254 2111 3317 in
2180 3233 2401 3317 mensa
2469 3257 2901 3334 anteponere,
2952 3243 3131 3316 velut

639 3369 858 3452 paucis
906 3368 1132 3435 diebus
1179 3373 1331 3432 ante
1379 3367 1757 3432 Laconicam
1801 3366 1975 3432 illam
2020 3367 2287 3448 pultem,
2338 3385 2526 3447 quam
2588 3383 2703 3428 sua
2750 3383 2940 3430 manu
2988 3364 3129 3445 ipse

644 3483 1119 3550 Demosthenes
1165 3482 1230 3545 in
1277 3480 1444 3564 pelvi
1492 3480 1863 3564 pinsuisset.

857 3596 944 3662 At
990 3611 1178 3676 quam
1225 3593 1336 3659 ille
1397 3578 1638 3676 pultem
1704 3591 1911 3656 dicit?
1974 3610 2085 3657 cur
2144 3593 2517 3658 laconicam
2580 3537 2901 3673 praetulit
2940 3589 3135 3656 Athe·
3214 3565 3225 3578 ⁸

643 3707 901 3774 niensi'?
949 3727 1062 3772 cur
1107 3708 1366 3773 tandem
1413 3707 1478 3771 in
1523 3705 1696 3787 pelvi
1745 3723 1819 3770 se
1864 3705 2187 3787 pinsuisse
2233 3705 2405 3770 illam
2454 3704 2835 3769 asseverat?

843 3823 948 3891 ‚Tu
993 3841 1146 3887 vero
1192 3822 1398 3904 ipsum
1446 3821 1665 3886 audito
1713 3820 2237 3899 Demosthenem,
2287 3820 2397 3902 qui
2444 3819 2535 3884 sic
2581 3818 2793 3900 pergit
2845 3893 2855 3899 ,

640 3955 728 4001 VS·
777 3935 881 4000 52.
982 3985 1429 4002 ......
1472 3930 1568 3994 εἶτ’
1617 3929 1971 4011 ἀναρπάσας

952 4041 985 4108 ὅ
1030 4069 1086 4107 τι
1127 4042 1200 4106 ἄν
1244 4069 1330 4117 τις
1371 4046 1542 4128 ἡμῶν
1589 4044 1869 4126 σκευάσῃ,
1910 4048 1991 4122 τῷ
2026 4041 2286 4124 δεσπότῃ

953 4159 1296 4240 Παφλαγών
1341 4158 1676 4242 κεχάρισται
1720 4163 1922 4224 τοῦτο.
1972 4159 2077 4220 καὶ
2116 4155 2317 4237 πρῴην
2361 4156 2410 4238 y’
2458 4161 2602 4236 ἐμοῦ

950 4273 1189 4351 μᾶζαν
1221 4269 1627 4355 μεμαχότος
1661 4275 1726 4332 ἐν
1757 4273 1987 4349 πυέλῳ
2014 4267 2451 4351 Λακωνικήν,
2470 4269 2591 4356 (Sic
2616 4269 2782 4334 enim
2802 4245 3131 4350 C.Herm.)

949 4384 1400 4468 πανουργότατά
1445 4409 1574 4456 πως
1617 4382 1991 4466 παραδραμοὲ
1998 4408 2029 4444 ν
2072 4383 2283 4464 ὖφαρπ
2307 4383 2442 4453 ’σας

951 4498 1132 4570 αὐτὸς
1175 4501 1483 4579 παρέθηκε
1527 4496 1634 4580 τὴν
1677 4499 1777 4562 ὑπ’
1836 4504 1977 4578 ἐμοῦ
2024 4499 2393 4579 μεμαγμένην
2436 4500 2556 4560 κτλ.

849 4615 1052 4693 Quam
1095 4615 1292 4696 igitur
1351 4613 1508 4680 dicit
1566 4614 1857 4697 pultem?
1923 4613 2249 4697 Numquid
2290 4612 2537 4696 pinsuit
2582 4611 2883 4676 omnino?
2948 4611 3131 4675 Itane

642 4746 795 4794 vero
823 4728 854 4792 Ῥ
900 4727 1006 4800 Dii
1050 4728 1348 4794 meliora!
1396 4729 1686 4808 Pugnam
1719 4726 1874 4792 dicit
1904 4746 1977 4792 se
2021 4726 2407 4809 pugnavisse
2455 4725 2535 4790 ad
2568 4724 2788 4807 Pylum
2833 4725 2898 4788 in
2931 4723 3130 4788 Laco-

641 4840 786 4919 nia3
831 4841 1166 4907 victoriam
1214 4840 1457 4906 virtute
1504 4845 1756 4922 partam
1801 4838 2030 4904 fraude
2078 4839 2199 4903 sibi
2246 4859 2284 4904 a
2331 4839 2568 4904 Cleone
2634 4842 2922 4927 ereptam
2983 4854 3133 4909 esse

642 4954 1076 5042 conqueritur.
1124 4953 1232 5020 Nil
1275 4955 1652 5043 praetereat
2264 4971 2269 4974 ·
