3609 5742
1894 625 1975 690 10

692 818 856 882 quae
887 798 1137 864 dixerat
1165 799 1659 879 isiciarius,.non
1690 800 1857 864 male
1891 800 2177 883 quadrat.
2227 798 2647 866 Nihilominus
2680 797 3175 880 decipiebamur.
3227 772 3243 782 ’
3314 790 3325 802 ’

690 912 892 977 Recte
937 911 1135 992 igitur
1181 912 1565 977 scholiastae
1611 913 1692 978 ad
1760 913 2039 995 priorem
2086 930 2341 978 versum
2397 910 2559 974 1174
2603 911 2763 976 haec
2830 916 3177 977 annotave-

691 1031 873 1090 runt:
919 1025 1180 1108 ὑπερέχει
1211 1045 1340 1086 σου·
1387 1023 1540 1086 Ἀντὶ
1585 1030 1687 1086 τοῦ
1727 1025 2058 1107 ὖπερμαχεῖ
2078 1028 2175 1086 καὶ
2206 1022 2593 1116 ὑπερασπίζει
2626 1046 2755 1089 σου.
2802 1022 2930 1086 ἀντὶ
2963 1025 3029 1085 δὲ
3073 1027 3199 1113 τοῦ·

687 1143 862 1200 εἰπεῖν
923 1141 1394 1217 περικεφαλαίαν,
1441 1135 1564 1199 εἶπε
1611 1136 1844 1219 χύτραν.
1895 1137 2001 1218 τὴν
2047 1137 2283 1220 χύτραν·
2330 1136 2487 1199 ’Ani
2531 1123 2636 1198 τοῦ
2684 1142 2860 1199 εἰπεῖν
2906 1145 3086 1219 χεῖρα.

904 1253 1044 1331 Qua
1089 1271 1246 1319 vero
1289 1253 1356 1317 in
1387 1271 1459 1318 re
1493 1258 1686 1334 poeta
1715 1272 1833 1318 nos
1865 1251 2193 1332 fefellerit,
2240 1271 2365 1318 non
2399 1251 2659 1316 difficile
2694 1255 2797 1316 est
2827 1251 3180 1317 intellectu.

691 1365 947 1430 Etenim
997 1365 1052 1429 si
1099 1366 1372 1431 dixisset
1437 1365 1701 1458 ὑπερεῖχε
1767 1363 1873 1444 τὴν
1932 1374 2118 1447 χεῖρα,
2186 1365 2547 1447 significare
2616 1365 2927 1432 voluisset
2992 1385 3176 1448 opem

699 1484 768 1543 et
828 1479 1132 1544 auxilium
1191 1478 1698 1544 Atheniensibus
1760 1480 1992 1544 tulisse
2056 1479 2404 1560 Palladem,
2476 1479 2800 1562 frequenti
2876 1479 3180 1544 videlicet

692 1592 1116 1659 translatione
1164 1611 1336 1658 usus.
1387 1593 1546 1659 Cum
1594 1592 1752 1658 dicit
1797 1593 2061 1676 ὑπερεῖχε
2106 1590 2209 1673 τὴν
2271 1590 2505 1674 χύτραν,
2570 1592 2873 1676 numquid
2918 1596 3180 1674 praeter

690 1707 970 1772 Palladis
1018 1707 1286 1773 tutelam
1321 1707 1684 1788 significat?
1729 1708 1817 1773 At
1861 1727 1986 1772 non
2032 1709 2241 1774 solent
2287 1707 2450 1772 ollae
2474 1679 2576 1772 ‘ad
2623 1707 2925 1774 auxilium
2968 1711 3177 1770 trans·

690 1820 870 1886 ferri!
920 1819 994 1885 Id
1040 1822 1250 1904 ipsum
1298 1826 1418 1902 est,
1467 1821 1532 1886 in
1581 1841 1706 1904 quo
1751 1822 2162 1904 acquiescas!
2212 1822 2494 1887 Verbum
2528 1822 2694 1888 enim
2743 1821 2939 1886 verbo
2972 1823 3176 1885 muta-

687 1935 908 2014 batur3
957 1934 1226 1999 eandem
1273 1953 1408 2000 rem
1479 1953 1642 2000 nova
1704 1936 1821 1998 sub
1872 1934 2089 2018 specie
2144 1935 2354 2000 animo
2425 1933 2941 2014 informabamuS,
3002 1934 3178 1999 ac-si

687 2048 830 2130 quis
877 2048 1148 2112 eandem
1193 2047 1508 2129 picturam
1553 2048 1732 2113 novis
1782 2047 2121 2128 coloribuS,
2178 2047 2459 2118 inducat,
2510 2047 2815 2129 illustret,
2886 2045 3179 2128 refingat.

691 2160 902 2243 Caput
948 2167 1165 2226 autem
1212 2161 1412 2226 totius
1459 2161 1554 2225 rei
1603 2161 1961 2244 permansit
2006 2161 2174 2228 idem
2260 2162 2444 2240 Quod
2491 2161 2545 2226 si
2591 2163 2684 2226 ita
2730 2166 2852 2242 est,
2918 2161 2984 2225 in
3012 2159 3175 2226 'ver-

695 2275 797 2340 bis
845 2280 988 2339 erat
1033 2275 1139 2339 hic
1183 2273 1360 2339 iocus
1409 2273 1632 2350 omniS,
1681 2292 1806 2339 non
1854 2275 1918 2337 in
1967 2276 2181 2341 rebuS.
2459 2357 2472 2374 .

905 2388 1090 2453 Adde
1156 2386 1514 2469 exemplum
1579 2405 1616 2450 e
1677 2387 1895 2451 Ranis
1963 2387 2200 2454 Servus
2269 2389 2399 2454 illic
2461 2386 2554 2473 (in
2614 2406 2740 2453 vss,
2804 2387 2930 2450 754
2949 2387 3177 2473 ---757)

688 2519 944 2566 servum
1011 2500 1355 2582 all-oquitur
1421 2500 1521 2565 his
1588 2498 1726 2580 fere
1796 2500 2046 2565 verbis:

999 2607 1049 2672 ὦ
1099 2611 1279 2692 Φοῖβ’
1322 2607 1631 2687 Ἄπολλον,
1702 2611 1927 2693 ἔμβαλέ
1967 2637 2068 2692 μοι
2113 2611 2216 2692 τὴν
2263 2611 2481 2688 δεξιάν,

997 2727 1096 2786 καὶ
1142 2723 1250 2794 δὸς
1277 2723 1448 2786 κύσαι
1495 2723 1712 2796 καύτὸς
1743 2725 1940 2800 κύσον,
2002 2729 2104 2786 καί
2144 2749 2246 2805 μοι
2292 2724 2543 2804 φράσον,

995 2835 1146 2915 πρὸς
1193 2835 1354 2918 Διός,
1403 2833 1472 2907 ὃς
1518 2838 1652 2919 ἡμῖν
1697 2842 1851 2898 ἐστιν
1896 2839 2507 2918 ὁμομαστιγίας,

999 2954 1082 3020 τίς
1129 2943 1304 3020 οὗτος
1351 2947 1566 3013 οὕνδον
1611 2953 1734 3012 ε’στὶ
1781 2949 2055 3032 θόρυβος
2099 2955 2219 3016 κτλ.

897 3064 1067 3143 Quid
1100 3066 1501 3132 scholiasta?
1577 3065 2033 3147 ὁμομαστιγίας,
2103 3067 2338 3149 inquit,
2408 3064 2610 3145 ὥσπερ
2658 3067 2851 3145 φαμὲν
2898 3069 3179 3143 ἑταιρεῖος

691 3173 846 3248 Ζεύς
887 3181 985 3239 καὶ
1031 3177 1305 3259 ὁμόγνιος
1362 3181 1462 3239 καὶ
1509 3179 1725 3248 ἱκέσιος
1768 3182 1865 3241 καὶ
1911 3178 2132 3254 ξένιος,
2206 3182 2301 3240 καὶ
2370 3175 2487 3241 ὅσα
2531 3185 2810 3255 τοιαῦτα,
2882 3173 3036 3242 οὕτω
3082 3181 3179 3240 καὶ

689 3289 945 3367 δούλιος,
1013 3292 1046 3354 ὁ
1094 3297 1209 3354 τῶν
1254 3291 1480 3353 δούλων
1524 3291 1760 3371 ἔφορος.
1840 3295 1963 3353 ἐπεὶ
2031 3294 2097 3353 δὲ
2166 3297 2223 3354 οἱ
2280 3297 2485 3356 δοῦλοι
2529 3292 2801 3373 μάστιξιν
2844 3292 3179 3356 ὑπόκεινται

689 3408 787 3466 καὶ
829 3408 1094 3486 πληγαῖς,
1139 3405 1240 3468 διὰ
1281 3411 1459 3469 τοῦτο
1507 3405 1938 3486 ὁμομαστιγίας
1972 3402 2145 3481 εἶπεν,
2192 3403 2231 3485 ἢ
2278 3406 2641 3487 βουλόμενος
2674 3413 2869 3482 εἰπεῖν,
2918 3403 2984 3478 ὃς
3028 3406 3181 3487 ἡμᾶς

689 3523 792 3580 νῦν
822 3518 1094 3600 εἱςήγαγε,
1139 3518 1443 3591 παίζων
1473 3516 1642 3597 παρ’
1689 3516 2073 3580 ὑπόνοιαν
2116 3517 2273 3580 εἶπεν
2305 3519 2755 3600 ὁμομαστιγίας.
2808 3520 3179 3588 Assentitur
3236 3570 3249 3592 ,

689 3633 888 3717 priori
935 3633 1342 3717 explicationi
1387 3633 1734 3700 Scholiasta
1777 3635 1976 3701 alter:
2030 3629 2274 3704 Ἄλλως.
2343 3632 2472 3695 ἀντὶ
2517 3639 2622 3696 τοῦ
2672 3638 2851 3696 εἰπεῖν
2896 3630 3174 3714 ὁμόγνιος

691 3747 802 3824 (ὥς
845 3745 1194 3826 ἔμπροσθεν
1239 3743 1275 3828 ἢ
1321 3744 1700 3828 ‹incida-(rog)
1745 3745 1900 3808 εἶπεν
1948 3748 2395 3830 ὁμομαστιγίας,
2446 3741 2575 3810 οἷον
2619 3745 2972 3826 ὁμόδουλος.

916 3861 1258 3942 Xanthias,
1303 3861 1571 3944 Dionysi
1619 3881 1799 3944 puer,
1852 3881 1993 3927 cum
2038 3865 2273 3944 Aeaco,
2322 3863 2427 3945 qui
2477 3863 2675 3928 etiam
2734 3862 2907 3928 servi
2956 3879 3175 3945 perso-

692 3993 839 4040 nam
865 3974 1019 4057 agit,
1069 3974 1436 4057 colloquens
1481 3974 1697 4040 Iovem
1729 3977 2095 4054 obtestatus
2130 3981 2289 4056 erat,
2322 3977 2558 4059 quippe
2592 3976 2701 4058 qui
2733 3979 2941 4042 semet
2967 3974 3174 4056 ipsum

691 4091 762 4153 et
807 4093 1167 4154 consortem
1212 4087 1389 4153 illum
1433 4087 1780 4154 inferorum
1842 4089 2183 4155 ianitorem
2246 4095 2559 4154 tueretur.
2628 4078 3175 4171 Exspectabamus

687 4201 890 4282 igitur
933 4201 1318 4267 adiectivum
1381 4221 1418 4267 e
1481 4203 1697 4268 radice
1769 4201 1887 4281 ὁμο
1959 4203 2376 4286 compositum
2448 4209 2516 4268 et
2576 4203 2782 4268 altero
2851 4202 3174 4280 vocabuIO,

690 4315 858 4396 quod
905 4315 987 4380 ad
1033 4334 1264 4381 vernas
1309 4315 1688 4398 pertineret.
1740 4316 1881 4393 Qua
1926 4317 1992 4379 in
2038 4334 2113 4380 re
2177 4321 2370 4399 poeta
2437 4316 2669 4382 festive
2738 4333 2854 4380 nos
2901 4314 3173 4396 decepit.

693 4429 1134 4495 verberonem
1181 4431 1351 4496 enim
1400 4430 1581 4510 dixit,
1629 4450 1754 4496 non
1801 4449 2077 4496 servum.
2151 4430 2333 4510 Quod
2380 4431 2435 4496 si
2483 4449 2713 4496 nomen
2757 4427 3176 4511 praetulisset

687 4543 1042 4626 honestiuS‚
1091 4543 1464 4610 evanuisset
1510 4543 1706 4608 totius
1753 4543 1865 4608 ille
1912 4544 2213 4610 versiculi
2262 4545 2462 4626 lepos,

897 4657 1038 4722 Non
1085 4675 1274 4722 secus
1323 4658 1518 4722 etiam
1563 4656 1967 4738 Megarensis
2012 4657 2123 4722 ille
2170 4657 2235 4722 in
2277 4655 2783 4722 Acharnensium
2828 4655 3042 4720 fabula
3085 4653 3172 4729 id,

690 4769 858 4852 quod
899 4770 1152 4834 iamiam
1186 4776 1328 4835 erat
1358 4771 1668 4849 dicturuS,
1713 4775 1989 4852 repente
2032 4770 2461 4836 commutavit.
2508 4769 2767 4834 Filiolas
2807 4767 2973 4833 enim
3025 4785 3175 4833 suas

687 4902 804 4966 pro
870 4881 1169 4965 porcellis
1236 4884 1614 4949 venditurus
1681 4883 1844 4948 haec
1910 4883 2023 4947 ille
2089 4883 2449 4965 interrogat
2501 4883 2566 4948 in
2614 4901 2739 4948 vss.
2791 4881 3173 4945 733-734:

1103 4991 1385 5057 ἀκούετον
1429 4994 1526 5075 δή,
1572 4994 1835 5080 ποτέχετ’
1886 4998 2009 5077 ἐμὶν
2053 4995 2163 5058 τάν
2206 4997 2481 5078 γαστέρα·

1103 5107 1326 5192 πότερα
1370 5115 1725 5190 πεπρᾶσθαι
1767 5108 2065 5194 χρῄδδετ’,
2112 5107 2151 5194 ἢ
2195 5116 2395 5192 πεινῆν
2440 5113 2654 5190 κακῶς,
