3609 5742
1734 550 1872 627 51.

530 732 590 798 si
633 730 890 816 quidem
938 736 1120 796 tanta
1164 728 1552 794 Kreusslero
1600 730 1762 796 fides
1810 731 2107 795 habenda
2153 733 2275 805 est,
2324 728 2392 792 in
2439 727 2573 795 solo
2620 725 2739 793 hoc
2772 728 3023 792 Aristo-

527 846 755 929 phanis
801 862 994 910 versu
1042 849 1110 908 et
1154 841 1324 923 apud
1369 841 1863 925 Xenophontem
1916 844 2114 908 etiam
2160 844 2277 906 An.
2326 841 2384 906 3.
2430 842 2491 906 2.
2547 841 2625 904 19
2673 840 2802 922 legi
2850 860 3024 906 com-

528 959 758 1043 periet.
809 958 939 1022 Nec
984 961 1203 1039 potest
1247 955 1349 1020 hic
1395 956 1849 1038 Aristophanis
1901 975 2127 1021 versus
2200 974 2343 1019 cum
2389 953 2837 1036 Xenophontis
2912 953 3023 1018 illa

531 1070 858 1137 sententia
903 1069 1138 1134 merito
1189 1069 1559 1149 comparari.
1609 1068 2020 1135 Clarissimus
2070 1055 2405 1133 enim'ille
2455 1067 2848 1132 Graecorum
2894 1067 3024 1132 dux

533 1186 833 1267 idemque
881 1202 1095 1248 rerum
1143 1201 1405 1248 suarum
1472 1180 1732 1248 fortiter
1797 1189 2129 1264 gestarum
2199 1180 2745 1263 locupletissimus
2808 1185 3031 1244 auctor

531 1298 788 1380 pedites
836 1314 984 1361 suos
1032 1295 1508 1375 adhortaturus,
1559 1314 1640 1359 ne
1688 1295 2031 1360 Persarum
2105 1296 2360 1376 equites
2408 1299 2793 1371 metuerent,
2860 1295 3034 1358 inter

533 1412 660 1476 alia
703 1411 864 1476 haec
910 1428 1162 1491 quoque
1209 1409 1554 1474 disseruit:
1647 1409 1792 1491 (An.
1840 1408 1900 1473 3.
1948 1408 2007 1473 2.
2064 1407 2190 1494 19.)
2272 1403 2498 1469 Οὔκουν
2543 1412 2658 1467 τῶν
2702 1431 2761 1486 γε
2808 1408 3031 1468 ἱππέων

537 1522 686 1586 πολὺ
733 1523 898 1604 ἡμεῖς
945 1520 1035 1583 ἐπ’
1081 1519 1525 1601 ἀσφαλεστέρου
1573 1519 1874 1603 ὀχήματός
1935 1525 2105 1599 ἐσμεν
2120 1543 2142 1598 ,·
2213 1524 2285 1582 Oi
2329 1520 2435 1600 μὲν
2478 1517 2587 1601 γὰρ
2636 1518 2736 1599 ἐφ’
2787 1517 3037 1580 ἵππων

539 1639 1018 1717 κρέμανται,
1091 1634 1458 1715 φοβούμενοι
1526 1635 1634 1718 οὐχ
1679 1635 1837 1714 ἡμᾶς
1881 1633 2084 1713 μόνον,
2153 1631 2303 1696 ἀλλὰ
2364 1636 2459 1695 καὶ
2528 1631 2597 1694 τὸ
2668 1640 3036 1694 καταπεσεῖν·

538 1750 706 1829 ἡμεῖς
750 1747 804 1809 δ’
853 1749 947 1809 ἐπὶ
995 1752 1097 1828 γῆς
1141 1745 1461 1828 βεβηκότες
1505 1746 1654 1809 πολὺ
1700 1747 1806 1827 μὲν
1852 1747 2228 1829 ἰσχυρότερον
2271 1750 2561 1826 παίσομεν
2604 1749 2723 1811 κτλ.

756 1863 935 1941 Quae
980 1862 1180 1926 verba
1227 1864 1298 1939 ἐφ
1348 1858 1539 1920 ἵππων
1584 1852 1899 1939 κρέμαυται
1959 1867 2032 1926 ut
2094 1862 2429 1928 ostendam
2498 1879 2623 1926 non
2694 1859 3036 1926 convenire

544 1996 686 2041 cum
730 1975 1180 2058 Aristophanis
1225 1974 1337 2040 illo
1386 1971 1526 2053 ἀμὶς
1574 1975 1666 2034 ἐπὶ
1711 1979 1818 2034 τοῦ
1866 1973 2168 2036 παττάλου
2202 1971 2731 2054 κρεμήσεται,’11011
2763 1972 3033 2054 argutiis

543 2095 692 2155 utar
733 2089 847 2168 ita,
895 2093 968 2150 ut
1015 2084 1107 2165 ἐφ’
1156 2083 1349 2146 ἵππων
1395 2085 1477 2150 ad
1526 2089 1596 2147 Οἱ
1642 2086 1746 2165 μὲν
1792 2085 2027 2152 referri
2088 2087 2327 2153 debere
2376 2086 2778 2165 contendam,
2841 2103 2915 2149 ac
2979 2083 3037 2147 si

548 2205 603 2262 οὶ
651 2199 742 2282 ἐφ’
793 2198 986 2261 ἵππων
1032 2200 1202 2266 idem
1249 2200 1465 2265 valeat
1510 2200 1684 2281 quod
1733 2202 1787 2261 οἱ
1836 2203 2029 2270 ἱππεῖς
2076 2237 2145 2247 --
2204 2202 2321 2267 sed
2367 2220 2509 2267 cum
2572 2198 2665 2280 ἐφ’
2717 2197 2911 2259 ἵππων
2957 2198 3043 2262 sit

551 2335 693 2381 cum
739 2315 935 2381 verbo
981 2314 1296 2393 κρέμανται
1342 2314 1751 2396 iungendum,
1820 2315 1914 2379 ita
1958 2315 2250 2380 recitabo
2298 2314 2712 2392 sententiam,
2781 2317 2854 2376 ut
2912 2328 3039 2375 non

521 2426 647 2507 ’ἐφ’
696 2424 890 2489 ἵππων
948 2447 1103 2494 voce
1152 2426 1435 2508 efferam,
1505 2428 1622 2492 sed
1690 2428 1957 2493 verbum
2002 2429 2334 2506 κρέμανται.
2409 2426 2594 2507 Quod
2662 2425 2717 2491 si
2784 2423 3041 2504 feceris,

548 2542 760 2627 facile,
809 2543 963 2624 quid
1009 2542 1286 2607 voluerit
1348 2537 1724 2624 Xenophon,
1795 2541 2173 2608 sentiemus.
2242 2541 2383 2607 Non
2431 2541 2603 2606 enim
2647 2540 2839 2604 dixit:
2914 2536 3044 2618 „illi

553 2656 725 2722 enim
775 2675 877 2720 ex
925 2656 1109 2736 equis
1154 2654 1506 2736 pendent“,
1557 2655 1727 2737 quod
1771 2655 2113 2721 ridiculum
2161 2659 2283 2733 est,
2332 2653 2450 2718 sed
2496 2651 2627 2733 008,
2699 2651 2808 2734 qui
2859 2649 3044 2732 equis

553 2769 984 2848 veherentur,
1053 2767 1339 2850 pendere
1415 2768 1618 2850 magis
1689 2787 1881 2851 quam
1950 2768 2183 2834 sedere
2231 2767 2323 2831 in
2392 2767 2575 2849 equis
2644 2763 3045 2847 significavit.

556 2883 832 2949 Tantum
873 2883 1073 2965 igitur
1117 2885 1322 2963 abest,
1388 2888 1460 2948 ut
1503 2882 1624 2947 1100
1669 2882 1811 2947 1000
1882 2879 1989 2960 ἀφ’
2042 2879 2241 2965 ἵππων,
2296 2881 2400 2947 vel
2462 2879 2525 2952 ἐξ
2572 2877 2765 2940 ἵππων
2831 2879 3049 2944 dicere

555 2997 844 3082 potuerit
889 2996 1281 3062 Graecorum
1327 2994 1603 3077 scriptor
1649 2995 2191 3076 elegantissimus,
2256 3001 2331 3060 ut
2393 2993 2620 3059 eodem
2690 2992 2876 3058 modo
2924 3010 3047 3072 quo

555 3107 918 3190 καθέζομαι,
967 3106 1214 3190 ἱππεύω,
1263 3108 1515 3192 similia,
1565 3109 1763 3174 etiam
1808 3105 2105 3187 κρέμαμαι
2168 3127 2313 3174 011111
2382 3105 2521 3174 8010
2562 3105 3045 3189 praepositione

563 3225 665 3284 ἐπί
703 3228 884 3288 recte
930 3222 1230 3288 videatur
1276 3221 1591 3303 coniungi.
1627 3221 1676 3304 ¹)

770 3335 954 3414 Quod
1001 3355 1144 3401 cum
1188 3334 1282 3401 ita
1328 3336 1434 3416 sit,
1483 3354 1649 3401 1111118
1695 3336 2165 3418 Aristophanes
2224 3341 2293 3402 et
2354 3336 2409 3402 is
2456 3341 2677 3402 nostro
2743 3336 2907 3413 loco,
2981 3333 3049 3400 in

561 3446 757 3532 Vesp.
805 3467 897 3515 VS.
946 3449 1072 3512 808
1121 3449 1417 3528 κρέμαμαι
1463 3449 1558 3508 ε’πὶ
1603 3452 1711 3508 τοῦ
1755 3445 2060 3510 παττάλου
2109 3450 2271 3514 dixit
2318 3469 2393 3515 eo
2441 3467 2656 3529 sensu,
2722 3456 2794 3515 ut,
2838 3455 3047 3514 matu-

562 3563 690 3629 lam
734 3563 802 3628 in
872 3562 1048 3628 clavo
1107 3560 1211 3626 vel
1259 3579 1295 3625 e
1340 3561 1576 3644 paxillo
1622 3561 2015 3644 pendentem
2063 3563 2499 3628 describeret!
2572 3563 2741 3643 Quid
2801 3564 3050 3642 mirum,

565 3677 621 3743 Si
665 3675 834 3742 alter
879 3671 1000 3736 ἀπὸ
1049 3671 1370 3749 παττάλου,
1432 3675 1600 3742 alter
1647 3677 1706 3734 ἐκ
1752 3671 2054 3735 παττάλου
2099 3694 2214 3758 pro
2247 3676 2558 3756 Singulari
2586 3676 2697 3740 illa
2729 3680 2797 3740 et
2828 3676 3056 3740 vitiata

565 3790 870 3856 videlicet
913 3789 1190 3855 lectione
1239 3790 1339 3848 ἐπί
1378 3789 1731 3853 restituere
1779 3788 1990 3853 conati
2038 3789 2233 3853 sunt?
2297 3788 2419 3867 Qui
2485 3789 2609 3854 viri
2652 3788 3052 3870 integerrimi

568 3903 623 3968 81
668 3902 977 3969 minorem
1042 3897 1423 3981 ὀρθοεπείας,
1474 3920 1662 3983 quam
1710 3907 1939 3967 vocant
1988 3901 2308 3984 Graeculi,
2378 3921 2592 3967 curam
2661 3902 3056 3981 habuissent,

569 4016 700 4098 ubi,
752 4034 942 4098 quem
988 4015 1190 4080 ceteri
1237 4020 1606 4080 statuerunt
1652 4033 1934 4095 sensum,
1981 4015 2100 4080 hac
2145 4015 2211 4080 in
2271 4017 2598 4081 sententia
2657 4036 2782 4080 non
2842 4016 3058 4080 inesse

572 4127 1054 4208 intellexerunt,
1123 4127 1313 4192 facile
1379 4127 1873 4210 perspexissent
1936 4129 2400 4210 nequissimum
2444 4132 2783 4196 verborum
2829 4129 3055 4210 lusum,

575 4243 629 4307 si
688 4242 874 4308 modo
935 4240 1248 4306 nefarium
1309 4242 1631 4307 hominem
1687 4243 1859 4324 apud
1920 4241 2369 4308 intellecturos
2433 4240 2636 4307 fuisse
2699 4243 3061 4307 locuturum

576 4357 1042 4422 meminissent.
1089 4355 1269 4420 Inter
1316 4375 1499 4438 quOS,
1547 4357 1690 4438 quis
1739 4361 1903 4436 erat,
1952 4355 2125 4437 quin,
2175 4355 2329 4438 quid
2372 4355 2574 4420 vellet
2618 4360 2810 4437 poeta
2843 4333 3056 4436 sagari,

578 4471 793 4551 sagaci
838 4475 1052 4535 mente
1099 4469 1536 4552 praesentiret
1581 4471 1801 4533 statim
1849 4474 1918 4534 et
1961 4469 2140 4534 velut
2187 4469 2612 4535 odoraretur?
2678 4468 2844 4547 Quid
2890 4468 3059 4532 enim

577 4581 910 4656 ηάτταλος,
979 4583 1103 4647 11181
1172 4583 1488 4648 mentula!
1519 4584 1568 4666 ²)
1649 4583 1816 4661 Quid
1882 4583 2142 4648 tandem
2212 4582 2307 4642 ἐπὶ
2373 4586 2481 4641 τοῦ
2550 4580 2870 4654 πάτταλον,
2942 4581 3066 4645 11181

578 4747 682 4761 *ffl-

792 4825 832 4892 ¹)
871 4823 956 4878 vel
998 4826 1160 4878 etiam
1200 4826 1253 4875 ἐν
1595 4891 1614 4910 ⁰

793 4911 833 4982 ¹)
872 4909 1016 4964 Ecol.
1053 4927 1129 4965 VS.
1166 4911 1316 4965 1020.
1358 4910 1520 4962 ἕλκειν
1557 4907 1722 4963 ἀνατὶ
1757 4914 2064 4976 λαβομένας
2098 4912 2203 4964 τοῦ
2238 4909 2544 4965 παττάλου.

2658 4995 2759 5064 4*
