3609 5742
792 0 835 15 n·-
856 0 1253 14 aa—fi--a—--n——n-nn

1740 619 1827 684 52

539 794 702 875 ἐγγὺς
745 799 852 856 τοῦ
901 791 1260 884 παττάλουΡ
1286 796 1333 880 ¹)
1382 796 1560 874 Quae
1609 817 1728 864 vox
1779 795 1960 878 ἐγγύς,
2025 815 2148 878 quo
2194 795 2443 878 planior
2510 794 2623 859 fiat
2682 792 3026 871 sententia,

539 929 666 974 non
711 910 914 975 solum
961 909 1294 990 praecedit
1357 911 1554 976 verba
1619 913 1712 970 ἐπὶ
1775 915 1883 970 τοῦ
1946 907 2271 990 παττάλου,
2343 910 2459 974 sed
2516 909 2607 973 ita
2671 908 2867 972 etiam
2930 911 3033 970 est

543 1023 870 1103 collocata,
920 1029 992 1088 ut
1037 1043 1162 1088 non
1208 1023 1288 1087 ad
1320 1023 1576 1088 initium
1623 1022 1788 1104 παρὰ
1838 1026 1935 1084 σοὶ
1981 1021 2290 1104 κρεμήσετ’
2340 1023 2456 1087 sed
2488 1023 2806 1104 adipsum
2839 1018 3032 1084 finem

538 1155 766 1202 versus
815 1137 910 1196 ἐπὶ
960 1139 1061 1197 τοῦ
1108 1135 1412 1197 παττάλου
1461 1137 1600 1202 sine
1649 1138 1844 1203 dubio
1893 1139 2240 1220 pertineat.
2273 1138 2515 1219 ‘Neque
2564 1141 2781 1200 tamen
2830 1135 3028 1199 ambi-

539 1250 788 1330 guitate
836 1256 1014 1315 caret
1061 1251 1429 1316 versiculus.
1501 1253 1598 1317 Re
1645 1271 1798 1317 vera
1845 1252 2033 1331 enim,
2081 1251 2147 1316 id
2194 1251 2361 1333 quod
2410 1269 2534 1315 vss‚
2582 1248 2711 1312 935
2756 1254 2825 1313 et
2869 1246 3029 1310 936:

544 1365 716 1428 ΦΙΛ.
779 1361 968 1443 ἀμίδα
1028 1387 1130 1443 μοι
1179 1363 1357 1428 δότω.
1449 1369 1638 1428 ΒΔΕ.
1711 1363 1895 1434 αὐτὸς
1963 1366 2325 1425 καθελοῦ
2395 1364 2717 1438 doeemur,
2792 1361 3033 1426 matula

540 1477 652 1541 illa
700 1497 735 1542 e
781 1478 1017 1560 paxillo
1063 1478 1276 1561 aliquo
1323 1480 1668 1562 pendebat,
1732 1480 1827 1546 ita
1870 1486 1943 1546 ut
1987 1478 2356 1562 Bdelycleo,
2428 1495 2583 1546 cum.
2616 1475 2919 1542 matulam
2966 1475 3030 1539 in

543 1589 721 1655 clavo
753 1609 907 1655 vere
941 1591 1314 1674 suspendat,
1363 1593 1577 1657 verbis
1627 1590 1786 1672 ἐγγὺς
1835 1593 1930 1652 ἐπὶ
1975 1596 2087 1652 τοῦ
2130 1589 2435 1652 παττάλου
2468 1612 2593 1657 non
2626 1591 2765 1656 sine
2797 1588 3025 1653 fraude

541 1705 890 1770 mentulam
959 1702 1300 1785 significet,
1369 1724 1444 1770 ac
1505 1705 1560 1770 si
1632 1709 1707 1765 ἐκ
1773 1709 1880 1766 τοῦ
1950 1703 2255 1766 παττάλου
2327 1711 2585 1770 servata
2652 1702 3031 1768 elocutionis

543 1818 844 1882 castitate
893 1816 1109 1880 dicere
1157 1816 1334 1881 velit.
1383 1817 1582 1896 Quam
1631 1820 1710 1884 ob
1758 1837 1895 1884 rem
1942 1820 2341 1884 Venusinum
2388 1822 2603 1884 vatem
2650 1816 3027 1881 recordatus

544 1929 638 1994 sic
708 1929 1005 2012 equidem
1076 1949 1202 1996 non
1269 1931 1478 1997 minus
1545 1933 1843 2014 ambigue
1926 1933 2094 1999 hunc
2163 1953 2418 2000 versum
2487 1937 2735 1999 vertam
2801 1929 3030 1996 latine:

554 2044 778 2127 „quta
824 2048 890 2109 te
937 2045 1248 2126 pendebit
1290 2065 1490 2129 prope
1537 2066 1577 2111 a
1621 2047 1829 2129 palo.“
1861 2046 1916 2133 2)
1994 2070 2002 2078 ,
3014 2061 3021 2065 ·

752 2156 994 2240 Vesp.
1043 2177 1148 2224 vs,
1197 2158 1346 2223 921.

541 2272 726 2332 BAE.
865 2268 1018 2348 πρὸς
1061 2275 1178 2332 τῶν
1225 2277 1404 2346 θεῶν,
1451 2271 1530 2353 μὴ
1578 2272 2135 2355 προκαταγίγνωσκ’,
2182 2267 2228 2332 ὦ
2274 2271 2479 2353 πάτερ,
2814 2271 2941 2334 919

851 2386 986 2462 πρὶν
1031 2380 1102 2446 ἄν
1145 2384 1194 2464 γ’
1246 2383 1506 2468 ἀκούσῃς
1552 2385 1925 2468 ἀμφοτέρων.
1978 2391 2151 2453 MA.
2201 2383 2345 2466 ἀλλ’,
2393 2377 2616 2464 ὦγαθέ,
2817 2384 2947 2448 920

851 2495 919 2559 τὸ
969 2504 1212 2578 πρᾶγμα
1259 2497 1514 2578 φανερόν
1562 2505 1738 2562 ἐστιν·
1786 2499 1933 2562 αὐτὸ
1981 2499 2091 2581 γάρ
2140 2504 2280 2582 βοᾷ.
2818 2497 2940 2562 921

753 2610 1196 2696 Versum-921
1248 2613 1340 2679 sic
1386 2620 1724 2681 verterunt
1768 2616 1900 2680 VV.
1949 2615 2121 2680 DD.:

543 2723 950 2808 Droysenus:
1009 2727 1181 2792 Mein
1243 2727 1534 2793 Freundl
1597 2730 1701 2794 die
1763 2729 1949 2796 Sach'
2010 2729 2097 2795 ist
2160 2728 2319 2808 klar,
2382 2726 2485 2790 die
2532 2723 2754 2790 sache
2816 2722 3032 2788 selber

750 2839 1027 2905 schreit!

540 2949 896 3036 Seegerus:
943 2953 1070 3018 Die
1119 2954 1306 3019 Sach’
1354 2955 1442 3020 ist
1489 2955 1901 3036 sonnenklar,
1950 2956 2045 3021 sie
2094 2955 2376 3022 schreit!

537 3064 716 3129 Hier.
765 3065 1152 3132 Muellerus:
1214 3067 1394 3133 Doch
1457 3087 1526 3133 es
1591 3069 1752 3150 liegt
1814 3070 1921 3134 die
1970 3070 2156 3136 Sach'
2211 3065 2693 3150 handgreiflich,
2740 3065 3029 3144 Freund;

749 3178 887 3244 laut
931 3180 1174 3246 schreit
1220 3200 1324 3246 um
1370 3181 1587 3247 Rache
1636 3183 1750 3248 sie.

541 3289 957 3357 Schnitzerus
1034 3293 1380 3358 latinorum
1443 3295 1875 3379 interpretum
1906 3295 1958 3378 ³)
2039 3295 2319 3382 vestigia
2386 3295 2597 3360 acrius
2657 3292 2899 3376 pressit
2962 3296 3030 3356 et

745 3402 856 3482 γὰρ
902 3406 1187 3471 voculam
1235 3426 1363 3473 non
1407 3408 1713 3489 neglexit.
1763 3409 1869 3473 Sic
1916 3409 2085 3474 enim
2117 3409 2267 3474 ille:
2315 3408 2495 3473 Doch
2524 3413 2714 3489 guter
2744 3405 3025 3486 Freund‚

749 3517 854 3582 die
903 3517 1106 3584 Sache
1153 3520 1316 3604 liegt
1359 3540 1458 3585 am
1508 3521 1702 3603 Tage,
1750 3522 1921 3587 denn
1968 3522 2063 3587 sie
2112 3521 2354 3586 schreit
2393 3521 2463 3600 ja
2507 3521 2663 3586 laut.

747 3628 949 3696 Iulius
994 3632 1339 3699 Richterus
1387 3637 1772 3724 comparatis
1819 3635 1978 3700 locis
2022 3635 2361 3714 nonnulliS,
2410 3633 2641 3715 quibus
2674 3634 2835 3698 alios
2870 3652 3024 3714 quo-

540 3760 664 3824 que
711 3745 1060 3827 scriptores
1093 3747 1210 3812 hac
1244 3748 1639 3814 elocutioner
1685 3751 1807 3829 βοᾷ
1852 3745 1919 3808 τὸ
1970 3753 2211 3828 πρᾶγμα
2255 3749 2322 3813 in
2369 3767 2440 3812 re
2490 3744 2830 3812 manifesta
2879 3763 3029 3810 usos

543 3873 690 3920 esse
738 3859 1136 3939 ostenderet,
1204 3879 1332 3943 *quo
1395 3862 1474 3926 de
1543 3882 1664 3927 usu
1727 3881 1915 3928 nemo
1963 3867 2141 3926 certe
2187 3881 2465 3943 unquam
2512 3860 2866 3940 dubitabat,
2932 3859 3027 3923 ita

551 3969 748 4034 etiam
796 3989 911 4036 nos
959 3972 1115 4036 dicit
1159 3992 1381 4039 vocem
1429 3974 1883 4064 selbstredend
1929 3975 2257 4041 adhibere.

751 4083 879 4148 Cur
922 4103 1075 4149 vero
1106 4085 1430 4152 Philocleo
1476 4086 1577 4152 bis
1623 4087 1794 4152 idem
1843 4091 2163 4170 expressit
2209 4089 2511 4154 omnino?
2560 4087 2679 4153 Vel
2724 4106 2837 4152 cur
2884 4105 3026 4151 eam

539 4215 794 4262 causam
858 4203 1125 4280 propter
1186 4217 1374 4281 quam
1442 4219 1549 4266 res
1618 4208 1798 4266 esset
1865 4201 2225 4282 manifesta,
2298 4203 2567 4282 addidit,
2638 4199 2803 4283 quod
2886 4199 3029 4280 ipsa

540 4309 851 4380 clamaret
917 4330 1044 4390 reS,
1118 4331 1259 4377 cum
1327 4318 1542 4379 tamen
1615 4332 1760 4397 „res
1810 4316 2083 4381 clamat“
2158 4335 2305 4381 esse
2376 4313 2781 4380 manifestam
2852 4311 3025 4377 illam

539 4423 982 4504 significaret?
1057 4427 1157 4492 An
1202 4426 1370 4494 forte
1415 4434 1490 4492 ut
1534 4429 1661 4494 vim
1709 4411 2075 4495 sententiae
2121 4430 2354 4512 prioris
2400 4433 2691 4510 augeret,
2756 4425 3026 4490 similem

751 4644 792 4712 ¹)
833 4643 1123 4698 Conferant
1159 4644 1356 4700 tirones
1392 4643 1548 4698 Hom.
1587 4643 1650 4698 Il.
1687 4645 1770 4698 22.
1812 4646 1915 4700 152
1970 4646 2060 4696 ἐπὶ
2094 4644 2201 4696 τῶν
2237 4646 2419 4712 πηγῶν
2456 4645 2647 4695 πλυνοὶ
2684 4647 2818 4705 ἔασι,
2858 4641 3023 4695 Thuc.

535 4729 587 4784 5.
624 4729 714 4784 34.‘
747 4732 837 4782 ἐπὶ
875 4731 1107 4802 Θρᾴκης,
1143 4733 1272 4787 Her.
1309 4734 1360 4788 7.
1399 4735 1448 4788 6.
1491 4732 1552 4784 αἱ
1588 4735 1679 4785 ἐπὶ
1715 4733 1936 4800 Λήμνου
1975 4733 2306 4795 ἐπικείμεναι
2342 4734 2531 4800 wana,-
2569 4731 2844 4786 conferant
2867 4743 3025 4799 prae·

538 4823 684 4873 terea
721 4818 896 4874 lexica
934 4823 984 4874 et
1020 4820 1287 4888 Kruegeri
1323 4837 1548 4889 gramm.
1587 4838 1669 4891 gr.
1709 4826 1756 4892 §-
1795 4823 1877 4877 68.
1916 4823 2000 4878 40.
2042 4825 2092 4874 2.

753 4907 798 4974 ²)
837 4905 965 4960 Hor.
1008 4907 1118 4962 Sat.
1157 4908 1203 4961 1.
1242 4907 1292 4962 8.
1330 4908 1379 4962 5.

749 4995 790 5070 ³)
831 4993 1122 5065 Berglerus
1162 4997 1214 5049 et
1249 4995 1580 5050 Brunckius:
1619 5013 1742 5064 „res
1779 4997 2065 5050 manifesta
2104 5000 2211 5064 est;
2250 4997 2374 5069 ipsa
2413 4995 2557 5050 enim
2596 4993 2839 5049 clamat.“
