3609 5742
356 3557 374 3584 Ι

1715 631 1755 696 9

704 793 938 872 Confer
973 808 1165 872 etiam
1198 797 1357 890 Equ.
1393 819 1518 873 vss.
1568 801 1933 872 257--260,
1985 804 2207 872 Cleoni
2238 805 2407 870 enim
2442 811 2761 888 querenti,
2810 807 2979 888 quod

488 939 526 984 a
575 913 923 985 coniuratis
971 921 1345 1002 quibusdam
1395 921 1868 1000 verberaretur,
1914 920 2076 984 haec
2122 919 2351 983 chorus
2398 919 2767 1001 respondit:

695 1037 751 1092 ἐν
797 1035 927 1113 δίκῃ
972 1033 1213 1114 γ’,,ἐπεὶ
1257 1032 1332 1093 τοὶ
1377 1031 1544 1092 κοινοὶ
1589 1035 1725 1110 πρὶν
1769 1036 1960 1114 λαχεῖν
2006 1035 2337 1100 κατεσθίεις

690 1117 1122 1215 κάποσυκάζεις
1167 1144 1383 1216 πιέζων
1441 1143 1583 1215 τούς
1626 1143 1999 1214 ὑπευθύνους
2046 1147 2283 1204 σκοπῶν

691 1251 852 1326 ὅστις
897 1255 1088 1317 αὐτῶν
1133 1255 1294 1336 ὠμός
1341 1261 1495 1319 ἐστιν
1538 1254 1877 1337 ἢπέπωνῆ
1940 1255 2020 1336 μὴ
2069 1258 2271 1318 πέπων
2315 1260 2435 1323 κτλ.

485 1370 622 1448 Quo
713 1371 792 1434 de
882 1371 1020 1436 loco
1107 1377 1370 1452 praeter
1436 1371 1564 1436 alia
1659 1372 1821 1438 haec
1918 1371 2054 1436 fere
2140 1372 2443 1452 leguntur
2525 1371 2590 1435 in
2682 1371 2975 1436 scholiis:

481 1483 994 1564 Διαλογιζόμενος,
1041 1487 1138 1545 καὶ
1185 1485 1359 1567 ὁρῶν,
1421 1489 1516 1546 καὶ
1563 1490 2085 1566 πολυπραγμονῶν.
2164 1484 2333 1564 ὠμός
2377 1487 2463 1561 δὲ,
2512 1485 2779 1568 σκληρὸς,
2842 1490 2976 1554 ὃυς-

482 1596 912 1678 καταμάχητος.
983 1597 1146 1688 ἀντὶ.
1180 1599 1245 1658 δὲ
1304 1603 1411 1659 τοῦ
1457 1603 1636 1659 εἰπεῖν
1681 1601 1883 1679 πένης,
1944 1596 1981 1680 ἢ
2029 1598 2331 1674 πλούσιος,
2380 1602 2638 1678 ἐπέμεινε
2682 1603 2753 1682 τῇ
2801 1623 2977 1679 μετα-

483 1714 646 1788 φορᾷ
691 1710 770 1780 ὡς
815 1713 910 1771 ἐπὶ
943 1700 1152 1776 σύιιων.
1197 1709 1266 1772 τὸ
1317 1713 1384 1772 δὲ
1428 1713 1629 1773 πέπων
1675 1710 1712 1792 ἢ
1753 1712 1835 1791 μὴ
1884 1713 2084 1773 πέπων
2129 1711 2259 1774 ἀντὶ
2302 1718 2408 1774 τοῦ
2455 1711 2708 1794 ἁπαλὸς,
2756 1715 2978 1792 ῥᾳδίως

480 1827 897 1904 διασεισθῆναι
941 1825 1278 1905 δυνάμενος.
1354 1831 1764 1905 μεταφορικῶς
1823 1827 1891 1886 δὲ
1936 1824 2057 1886 ἀπὸ
2106 1830 2213 1887 τοῦ
2258 1824 2530 1898 συκάζειν
2574 1825 2807 1896 τούτοις
2850 1833 2976 1895 τοῖς

479 1937 732 2018 ὀνόμασι
777 1941 1047 2022 κέχρηται
1090 1945 1209 2006 κτλ..

585 2041 588 2048 ’
690 2057 812 2121 Est
876 2056 1070 2122 etiam
1131 2056 1241 2120 ubi
1301 2053 1671 2136 allegoriam
1729 2056 2042 2120 invenias.
2108 2055 2183 2120 In
2246 2055 2547 2172 eiusdem
2596 2055 2965 2120 comoediae

427 2171 432 2175 ’
479 2188 604 2235 vss.
652 2169 998 2234 526-528
1044 2171 1203 2236 haec
1247 2171 1461 2251 leges.

441 2279 602 2344 ἐἶτα
649 2286 944 2360 Κρατίνου
991 2283 1370 2367 μεμνῃμένος,
1433 2276 1498 2351 ὃς
1543 2284 1740 2358 πολλῷ
1788 2280 2001 2361 ῥεύσας
2048 2279 2181 2348 ποτ’
2232 2284 2447 2358 ἐπαίνῳ

479 2395 583 2456 διὰ
624 2397 740 2456 τῶν
782 2395 1014 2476 ἀφελῶν
1061 2400 1277 2457 πεδίων
1323 2395 1492 2478 ἕῤῥει,
1555 2398 1651 2456 καὶ
1709 2399 1816 2474 τῆς
1843 2393 2125 2464 Ιστοὶσεως
2172 2393 2533 2472 παρασύρων

479 2509 678 2589 ἐφόρει
732 2508 839 2579 τὰς
884 2513 1028 2587 δρῦς
1073 2513 1167 2570 καὶ
1214 2508 1320 2578 τὰς
1365 2507 1696 2576 πλατάνους
1741 2511 1839 2568 καὶ
1883 2506 2025 2578 τούς
2074 2505 2357 2590 ἐχθρούς
2384 2506 2853 2586 προθελύμνους.

691 2625 868 2702 Quae
932 2644 1058 2689 non
1122 2643 1378 2706 semper
1437 2642 1710 2688 necesse
1782 2628 1886 2688 est
1956 2641 2103 2687 esse
2166 2620 2466 2701 ridicula3
2537 2641 2758 2686 verum
2822 2628 2973 2686 sunt

474 2735 893 2818 plerumque3
941 2755 1410 2818 nonnumquam
1456 2755 1608 2801 vero
1657 2736 1854 2801 etiam
1900 2737 2083 2817 ipsae
2132 2733 2453 2816 ampullae
2520 2734 2969 2800 acerbissimos

482 2850 810 2930 quosdam,
860 2869 1019 2932 quos
1066 2869 1191 2914 non
1241 2850 1743 2931 exspectaveriS,
1791 2849 2049 2913 aculeos
2097 2851 2223 2912 non
2271 2846 2409 2910 sine
2443 2847 2589 2912 dolo
2621 2849 2962 2913 occultant.

476 2962 859 3045 Ubicunque
908 2964 1075 3027 enim
1123 2967 1236 3026 aut
1283 2981 1471 3026 unum
1522 2963 1786 3027 verbum
1838 2963 2148 3027 translato
2196 2977 2391 3025 sensu
2438 2961 2811 3026 adhibueris
2860 2966 2972 3026 aut

476 3079 675 3141 totam
724 3061 1075 3142 orationem
1122 3076 1596 3155 immutaveriS,
1669 3095 1829 3157 quas
1890 3076 2143 3158 quidem
2189 3066 2420 3153 τροπάς
2488 3079 2557 3140 et
2622 3073 2972 3154 ἀλληγορίας

477 3189 862 3255 scholiastae
935 3189 1436 3254 innumerabiles
1511 3189 1648 3254 fere
1744 3190 1910 3271 apud
1990 3189 2486 3271 Aristophanem
2561 3192 2968 3270 notaverunt,

422 3319 430 3328 ·
479 3302 712 3385 duplex
758 3303 1216 3384 quodammodo
1261 3302 1336 3367 fit
1379 3302 1719 3368 verborum
1753 3303 2099 3382 sententia,
2148 3322 2411 3384 quarum
2451 3303 2752 3367 altera'in
2800 3302 2964 3384 ipsis

475 3416 692 3480 verbis
735 3417 929 3496 inest,
979 3417 1184 3481 altera
1228 3417 1296 3479 in
1346 3417 1558 3480 verbis
1605 3415 1810 3481 veluti
1855 3416 2062 3480 latere
2110 3416 2422 3495 semitm-3
2491 3415 2659 3480 unde
2730 3413 2821 3493 fit,
2892 3418 2966 3477 ut

473 3532 666 3612 poeta
710 3527 964 3593 facilius
1010 3529 1108 3593 his
1155 3528 1947 3610 translationibuS,qua1n
1988 3529 2074 3594 ad
2120 3529 2246 3593 alia
2291 3529 2672 3649 facetiarum
2720 3545 2963 3652 genera

476 3643 842 3723 inopinatos
891 3642 1194 3724 quosdam
1242 3643 1414 3708 iocos
1457 3642 1665 3724 possit
1709 3641 2087 3707 admiscere.

687 3755 806 3840 (3.)
852 3755 994 3820 Non
1031 3756 1238 3821 minor
1269 3758 1619 3838 spectantis
1653 3755 1883 3820 tulbae
1918 3755 2263 3820 cachinnus
2296 3755 2659 3835 excitatur(
2681 3754 2966 3836 quoties-

478 3856 728 3950 cunque
766 3868 972 3934 ·velut
1043 3859 1125 3932 'ex
1192 3868 1534 3950 improviso
1619 3873 1688 3931 et
1753 3872 2018 3948 praeter
2086 3868 2633 3951 exspectationem
2692 3851 2997 3932 alterum¹

478 3981 748 4047 alterius
795 3981 1084 4047 vocabuli
1135 3982 1355 4045 sedem
1403 3988 1687 4063 occupat.
1762 3981 1959 4058 Quod·
1992 3981 2248 4062 quidem
2312 3980 2691 4046 facetiarum
2761 3996 2965 4061 genus

480 4113 861 4176 quamquam
910 4113 1035 4158 non
1081 4111 1340 4175 semper
1383 4093 1641 4156 videtur
1687 4093 2020 4174 dissimile,
2070 4113 2147 4159 eo
2194 4099 2411 4158 tamen
2459 4093 2673 4159 differt
2718 4094 2961 4172 abillo,

477 4209 729 4290 dequo
778 4209 962 4272 modo
1010 4207 1376 4288 agebamuS,
1449 4207 1618 4288 quod
1689 4207 1754 4270 in
1801 4207 2015 4288 priore
2082 4208 2146 4272 in
2216 4209 2371 4273 solis
2432 4207 2571 4274 fere
2639 4207 2964 4273 vocabulis

477 4319 726 4385 ridendi
775 4339 968 4386 causa
1012 4321 1227 4403 posit-a
1278 4326 1400 4400 est,
1449 4321 1515 4384 in
1562 4320 1681 4384 hoc
1711 4320 2181 4384 sententiarum
2214 4321 2592 4403 plerumque
2623 4321 2967 4402 repentina

477 4433 553 4498 fit
600 4435 1030 4498 commutatio,
1091 4435 1380 4499 Interest
1445 4452 1599 4498 vero
1669 4433 1914 4514 aliquid
1981 4432 2153 4498 inter
2221 4452 2331 4498 eos
2400 4435 2593 4510 locos,
2664 4434 2745 4498 ad
2806 4450 2965 4514 quos

477 4546 860 4612 scholiastae
892 4551 1200 4612 annotare
1232 4546 1478 4610 solent:
1517 4542 1680 4623 παρὰ
1705 4547 2083 4622 προςδοκίαν,
2116 4545 2255 4624 παρ’
2286 4545 2593 4622 ὑπόνοιαν,
2626 4547 2761 4608 δέον
2788 4550 2967 4606 εἰπεῖν

544 4710 558 4726 .
608 4703 658 4735 .,
707 4656 837 4720 ἀντὶ
884 4664 990 4720 τοῦ
1037 4710 1050 4725 .
1099 4711 1114 4724 .
1159 4659 1322 4724 Nam
1369 4678 1509 4724 cum
1557 4658 1714 4722 dicit
1745 4659 1951 4736 Δῆμος
1996 4659 2061 4722 in
2108 4659 2269 4740 Equ.
2320 4679 2450 4724 vss.
2506 4658 2967 4723 1175-11762

891 4771 998 4834 οἴει
1041 4772 1150 4855 γὰρ
1200 4771 1454 4834 οἰκεῖσθ’
1501 4767 1573 4832 ἂν
1619 4769 1702 4831 ἔτι
1749 4769 1924 4850 τήνδε
1968 4769 2075 4850 τήν
2120 4771 2309 4846 πόλιν,

891 4893 938 4948 εἰ
984 4887 1080 4968 μὴ.
1117 4892 1382 4967 φανερῶς
1425 4887 1592 4966 ἡμῶν
1635 4887 1899 4966 ὑπερεῖχε
1944 4884 2050 4965 τὴν
2095 4911 2127 4967 χ
2177 4935 2189 4948 .
2240 4937 2253 4952 .

478 5009 921 5090 exspectamus
992 5008 1168 5066 certe
1236 5009 1438 5082 χεῖρα;
1501 5001 1792 5064 audimus
1860 5005 2081 5063 autem
2150 4996 2399 5080 χύτραν,
2477 5000 2645 5082 quod
2705 5000 2786 5065 ad
2863 5017 2960 5086 ea,
