3609 5742
1679 543 1760 607 15

401 709 412 720 ¹
487 721 715 802 altero,
765 721 871 802 qui
917 724 1179 804 praeter
1223 721 1391 786 hunc
1438 721 1506 785 in
1552 720 1632 786 iis
1679 720 1889 801 possit
1940 719 2177 797 inesse,
2248 735 2329 782 ne
2408 714 2647 798 cogitet
2708 715 2965 797 quidem

481 836 608 902 nisi
655 840 933 901 coactus,
1013 835 1313 916 Cogimur
1356 841 1592 917 autem,
1643 838 1714 900 ut
1759 834 2081 916 duplicem
2128 829 2531 913 triplicemve
2604 829 2731 895 vim
2776 846 2964 896 voca·

476 949 628 1016 bula
671 949 983 1031 quaedam
1014 949 1253 1014 habere
1285 948 1636 1014 Sentiamus
1671 952 1827 1029 tum,
1878 967 2018 1043 cum
2050 945 2249 1012 verba
2278 943 2405 1009 alia
2448 943 2529 1008 ad
2558 942 2719 1008 alias
2764 941 2965 1008 ambi-

485 1082 650 1146 guae
713 1063 887 1129 vocis
955 1045 1252 1128 notiones
1325 1067 1622 1146 spectare
1698 1060 2155 1141 intellegimus.
2228 1058 2412 1138 Quod
2480 1063 2553 1122 ut
2628 1054 2966 1122 defendam

485 1178 800 1262 exemplo,
876 1177 956 1242 iis
1001 1177 1452 1260 Aristophanis
1523 1177 1816 1242 versibus
1876 1180 2040 1255 utar,
2108 1175 2175 1239 in
2246 1172 2475 1256 quibus
2548 1171 2757 1254 ipsum
2812 1168 2969 1234 illud

483 1291 812 1355 διώκεσθαι
857 1293 1149 1358 habetur.
1240 1291 1339 1356 Ad
1385 1291 1835 1356 Acharnenses
1902 1289 2100 1372 igitur
2158 1292 2574 1366 revertamur,
2644 1283 2825 1350 cuius
2872 1281 2967 1348 fa-

480 1407 668 1473 bulae
715 1404 1114 1488 antistropha
1160 1405 1470 1488 quaedam
1517 1403 1611 1470 sic
1656 1403 1883 1487 incipit
1928 1421 2018 1468 vs,
2068 1401 2236 1466 692:

481 1520 608 1585 692
681 1523 866 1581 ταῦτα
909 1523 1037 1590 πῶς
1067 1511 1282 1593 εἰκότα,
1329 1515 1546 1600 γέροντ’
1607 1515 1900 1578 ἀπολέσαι
1942 1513 2151 1578 πολιὸν
2196 1510 2388 1592 ἄνδρα
2438 1515 2573 1592 περὶ
2616 1509 2969 1592 κλεψύδραν,

481 1631 622 1698 695*
681 1631 872 1694 πολλὰ
940 1630 1013 1714 δὴ
1084 1630 1584 1713 ξυμπονήσαντα,
1652 1633 1748 1692 καὶ
1826 1629 2057 1710 θερμὸν
2124 1625 2623 1709 ἀπομορξάμενον
2689 1622 2969 1706 ἀνδρικὸν

1933 1747 2155 1822 ἱδρῶτα
2200 1739 2272 1823 δὴ
2319 1742 2416 1802 καὶ
2460 1735 2667 1820 πολύν,

483 1861 612 1926 696
685 1855 852 1939 ἄνδρ’
901 1857 1138 1939 ἀγαθὸν
1183 1855 1328 1921 ὄντα
1373 1861 1716 1937 Μαραθῶνι
1761 1860 1894 1937 περὶ
1936 1854 2045 1938 τήν
2088 1853 2294 1930 mil-12³3
2372 1830 2377 1835 ἡ

485 1973 610 2038 698
688 1970 815 2034 εἶτα
859 1975 1202 2052 Μαραθῶνι
1247 1973 1352 2052 μὲν
1399 1966 1490 2034 ὅτ’
1535 1965 1696 2053 ἦμεν,
1747 1968 2080 2051 ἐδιώκομεν·

485 2077 612 2153 700
653 2089 752 2148 νῦν
809 2084 864 2148 δ’
909 2084 1012 2148 ὐπ’
1083 2085 1311 2165 ἀνδρῶν
1372 2090 1640 2167 πονηρῶν
1708 2084 1951 2167 σφόδρα
2018 2083 2367 2165 διωκόμεθα
2410 2087 2561 2161 κᾷτα
2626 2105 2777 2175 προς
2850 2081 2969 2142 ἁλι-

1946 2197 2240 2279 σκόμεθα.

693 2313 1003 2396 Numquis
1037 2319 1140 2379 est
1172 2315 1390 2396 igitur,
1440 2315 1545 2396 qui
1593 2316 1658 2379 in
1706 2333 1897 2401 versu
1944 2313 2069 2378 698
2117 2313 2434 2395 duplicem
2462 2329 2721 2376 sensum
2753 2310 2971 2376 inesse

484 2427 848 2508 contendat,
912 2429 1080 2510 quod
1139 2426 1444 2506 διώκομεν,
1493 2434 1566 2494 ut
1610 2429 1883 2494 diximus
1930 2433 2103 2510 ante,
2179 2425 2257 2491 in'
2320 2425 2635 2506 ambiguis
2708 2425 2972 2490 vocibus

411 2540 418 2547 “
484 2541 980 2622 annumeretur?
1026 2540 1227 2606 Nemo
1275 2546 1452 2606 certe
1500 2542 1855 2622 quisquam.
1936 2539 2099 2604 Num
2162 2538 2331 2606 forte
2378 2543 2603 2605 versus
2681 2537 2807 2601 700
2853 2537 2971 2603 du·-

485 2654 633 2736 plici
680 2655 865 2719 modo
937 2659 1040 2719 est
1119 2655 1553 2738 accipiendUS,
1623 2675 1702 2720 an
1771 2655 2025 2720 omnino
2094 2659 2312 2737 potest
2378 2654 2459 2718 de
2527 2652 2781 2718 iudiciis
2848 2669 2974 2717 non

490 2766 840 2848 intellegi?
884 2767 982 2832 Ne
1029 2767 1094 2832 id
1142 2769 1416 2850 quidem.
1467 2768 1634 2847 Quid
1679 2769 1876 2850 igitur
1908 2773 2029 2849 est,
2080 2787 2202 2850 quo
2236 2767 2573 2844 efficiatur,
2622 2772 2695 2831 ut
2739 2783 2967 2832 versus

489 2879 614 2943 698
664 2885 730 2944 et
779 2879 906 2944 700
951 2899 1074 2945 non
1125 2886 1530 2963 opponantur
1572 2881 1760 2947 modo
1807 2881 1953 2962 sibi,
2004 2882 2119 2947 sed
2175 2881 2344 2948 salse
2393 2881 2853 2965 quodammodo
2902 2883 2995 2944 et‘

488 2998 676 3057 acute
744 2997 1025 3058 mutatas
1102 3012 1353 3062 senum.
1395 2994 1644 3059 illorum
1711 2996 1883 3060 vitae
1955 2995 2352 3062 conditiones
2420 2995 2761 3061 indicent?
2830 2994 2973 3059 Non
3020 3075 3023 3079 ¹

491 3111 592 3170 est
635 3105 788 3170 mihi
834 3107 1024 3171 crede
1077 3106 1280 3190 forma
1332 3109 1608 3190 passiva,
1683 3127 1848 3190 quae
1895 3110 2147 3174 activae
2219 3107 2535 3188 ἐδιώκομεν
2601 3108 2967 3191 opponitur,

489 3236 614 3284 non
647 3239 957 3304 praesens
989 3225 1264 3302 tempuS‚
1314 3220 1483 3302 quod
1527 3222 1902 3302 praeterito,
1950 3240 2073 3286 non
2107 3222 2347 3288 voculis
2393 3216 2491 3283 ὅτε
2538 3226 2607 3286 et
2653 3224 2751 3280 νῦν
2794 3223 2977 3285 tanta

393 3330 408 3340 “
489 3333 584 3399 vis
634 3335 1002 3399 continetur
1045 3371 1128 3380 --
1177 3335 1294 3398 sed
1339 3352 1532 3398 unum
1583 3332 1742 3398 illud
1787 3333 2053 3399 verbum
2100 3335 2334 3418 duplici
2382 3351 2578 3400 sensu
2622 3333 2975 3400 adhibitum

487 3466 612 3513 non
657 3449 842 3514 modo
887 3448 1393 3513 Acharnensium
1442 3447 1756 3530 quandam
1830 3446 2182 3538 animorum
2251 3447 2672 3514 acerbitatem
2741 3445 2976 3528 prodit,

489 3561 605 3626 sed
649 3561 1048 3642 ingeniorum
1094 3561 1290 3627 etiam
1338 3565 1620 3625 testatur
1665 3559 1976 3625 acumina.
2024 3553 2110 3624 At
2155 3560 2263 3625 ubi
2296 3565 2399 3625 est
2429 3559 2812 3641 ambiguitas
2844 3558 2973 3639 illa,

489 3693 677 3756 quam
723 3676 836 3740 his·
877 3694 1128 3759 quoque
1173 3675 1420 3742 lusibus
1469 3675 1739 3740 subesse
1787 3674 2160 3741 dicebamus
2185 3677 2216 3741 ⁴?
2262 3676 2336 3740 In
2380 3679 2611 3741 neutro
2656 3691 2869 3752 versu,
2916 3672 2976 3736 si

488 3806 606 3852 acu
651 3807 788 3853 rem
834 3794 1104 3870 tangere
1165 3787 1326 3853 velis
1396 3793 1464 3852 et
1531 3793 1748 3854 tamen
1817 3789 2189 3854 mehercule
2258 3789 2325 3852 in
2392 3787 2707 3870 utroque!
2772 3785 2977 3852 Nemo

489 3901 656 3965 enim
704 3906 824 3974 est,
873 3903 979 3984 qui
1023 3898 1372 3980 διωκόμεθα
1417 3900 1574 3967 illud
1619 3907 1732 3967 aut
1761 3903 1937 3984 legat
1980 3908 2093 3968 aut
2137 3901 2452 3984 percipiat
2497 3900 2777 3980 auribuS,
2825 3899 2977 3981 quin

486 4012 778 4078 diversae
812 4013 983 4080 illius
1013 4015 1464 4096 praecedentis
1497 4015 1676 4080 verbi
1713 4013 2031 4095 ἐδιώκομεν
2062 4015 2339 4082 notionis
2370 4013 2755 4080 meminerit.
2793 4010 2974 4092 Quod

487 4144 627 4191 cum
673 4124 747 4190 fit
795 4124 896 4173 ——'
923 4128 1195 4193 haerent
1241 4129 1408 4194 enim
1455 4129 1943 4212 aliquantillum,
1994 4148 2159 4212 quae
2204 4135 2423 4196 mente
2472 4126 2971 4210 comprehende-

482 4240 707 4304 bamus
755 4275 838 4286 ——
882 4240 1052 4306 hunc
1099 4242 1371 4307 eundem
1421 4242 1710 4308 eiusdem
1755 4244 1935 4310 verbi
1986 4255 2247 4308 sensum
2316 4243 2398 4308 ad
2443 4257 2703 4308 versum
2750 4245 2969 4324 poste-

483 4352 717 4418 riorem
762 4372 888 4419 non
933 4354 1262 4436 pertinere
1294 4360 1555 4438 praeter
1587 4357 1952 4438 opinionem
1998 4361 2269 4438 repente
2302 4353 2759 4436 intellegimus,
2806 4353 2972 4419 alte-

483 4484 623 4531 rum
668 4466 735 4531 in
780 4467 975 4532 verbo
1021 4464 1374 4546 διωκόμεθα
1417 4463 1738 4552 turpicula
1783 4469 2059 4551 quadam
2107 4468 2331 4534 fraude
2378 4458 2639 4550 decepti
2684 4467 2972 4549 anquiri-

483 4597 644 4660 mus,
693 4579 1111 4663 suspicamur,
1159 4580 1518 4664 arripimus,
1566 4579 1822 4646 iamiam
1870 4581 2105 4646 scimus
2151 4582 2387 4646 inesse.
2440 4581 2617 4660 Quae
2652 4580 2781 4647 etsi
2812 4579 2974 4646 fiunt

487 4690 788 4757 celeriter
831 4691 1142 4775 nobisque
1188 4699 1300 4758 aut
1344 4693 1565 4758 insciis
1637 4699 1750 4759 aut
1818 4695 2013 4760 etiam
2081 4695 2319 4774 invitis,
2392 4695 2554 4784 fiunt
2620 4699 2835 4760 tamen
2905 4697 2975 4758 et

484 4803 682 4868 veluti
730 4804 1053 4870 titillando
1100 4810 1380 4871 mentem
1414 4810 1699 4871 nostram
1732 4811 2153 4890 pertractant,
2202 4807 2411 4890 quoad
2443 4811 2739 4890 erumpat
2782 4806 2969 4874 risus·

484 4915 606 4995 Qui
652 4935 774 5000 quo
820 4917 1265 4985 vehementius
1310 4919 1600 5006 gignitur
1661 4925 1730 4990 et
1798 4919 1997 5008 ociuS,
2069 4936 2145 4985 eo
2216 4919 2493 4994 celerius
2560 4920 2774 4996 omnia
2837 4919 2981 5004 illa,
3046 4986 3053 4991 .
