3609 5742
1637 524 1802 593 ..¹35

521 699 664 771 Οἱκ.’
698 707 776 767 Β.
1854 699 1862 706 ’
2448 699 2602 767 ἰδού.

1035 815 1168 886 ἑνὸς
1213 817 1335 896 μὲν,
1383 809 1620 895 ὦνδρες,
1666 813 2083 880 ἀπολελύσθαι
2125 839 2229 896 μοι
2274 819 2455 883 δοκῶ.

1039 928 1232 1000 οὐδεὶς
1274 926 1386 1009 γὰρ
1431 925 1503 989 ἂν
1549 933 1694 1010 φαίη
1741 953 1813 1010 με
1857 928 2151 1010 μάττοντ’
2199 931 2439 990 ἐσθίειν.

521 1049 644 1110 Οἰκ.
680 1045 761 1109 A.
817 1061 822 1064 '
857 1043 946 1108 15.
1031 1045 1217 1124 αἰβοῖ·
1264 1041 1404 1122 φέρ”
1443 1039 1637 1123 ἄλληνρ
1683 1043 1937 1127 χάτέραν
1981 1060 2103 1122 μοι,
2150 1043 2422 1125 χατὲραν,

1017 1158 1134 1217 -καὶ
1176 1155 1332 1238 τρῖβ’
1379 1153 1479 1216 ἔθ’·
1527 1155 1746 1236 ἑτέρας.

503 1275 643 1338 oin.
694 1276 765 1333 B.
1039 1344 1044 1349 .
1569 1283 1576 1286 ’
1817 1267 1901 1350 μοὶ
1946 1267 2050 1330 τὸν
2093 1266 2365 1329 Ἀπόλλω
2412 1265 2514 1347 'you
2558 1267 2663 1346 μὲν
2710 1263 2806 1330 οὕ·

923 1371 927 1375 ’
1041 1384 1108 1446 οὐ
1155 1382 1265 1464 γὰρ
1309 1382 1407 1445 ἔθ’
1457 1378 1585 1452 οἶός
1630 1381 1696 1443 τ’
1743 1381 1855 1462 εἶμ’
1902 1383 2201 1470 ὑπερέχερν
2244 1385 2353 1461 τῆς
2398 1379 2647 1451 ἀντλίας.

519 1503 646 1564 Οἱκ.
697 1502 795 1583 Α,
1033 1495 1218 1578 αὐτὴν
1264 1493 1361 1575 ἄρ’
1412 1495 1578 1557 οἴσωΙ
1607 1480 1919 1578 συλλαβῶν
1961 1493 2363 1576 τὴνόἔντλίαν.

521 1615 645 1677 Οἰκ.
694 1615 770 1674 Β.
1033 1609 1258 1693 νῆ-τὸν
1307 1611 1410 1672 Δί’
1461 1615 1518 1680 ἐς
1562 1609 1825 1699 κόριακάς
1868 1634 1947 1690 γε,
1994 1611 2088 1670 καὶ
2137 1609 2384 1671 σεαυτόν
2430 1631 2493 1690 γε
2534 1607 2703 1689 πρός.

1034 1725 1199 1803 ὑμῶν
1247 1725 1318 1784 δέ
1357 1722 1406 1805 γ’
1454 1722 1513 1787 εἴ
1546 1746 1634 1793 τις
1682 1721 1796 1784 οἶδ’
1849 1725 1981 1802 ἐμοὶ
2027 1721 2383 1804 κατειπάτω,

855 1839 958 1907 21.
1036 1837 1230 1900 πόθεν
1275 1834 1348 1900 ὀὲν
1391 1841 1675 1919 πριαίμην
1721 1841 1860 1918 ῥῖνα
1905 1837 1985 1919 μὴ
2032 1837 2381 1918 τετρημένην
2426 1840 2545 1902 κτλ.

723 1955 824 2020 Ad
871 1971 1059 2036 quem
1108 1971 1364 2018 versum
1411 1951 1491 2013 21
1541 1951 1703 2016 haec
1748 1949 2163 2016 mirabundus
2224 1951 2407 2032 leges
2476 1969 2515 2015 a
2560 1950 2634 2016 V.
2683 1950 2760 2018 D.
2807 1970 3003 2017 anno-

514 2074 683 2134 tata:
749 2067 1262 2148 „animadvertas
1323 2065 1764 2131 verborum
1832 2065 2145 2129 lusum:
2225 2069 2601 2142 τετριμμένης
2648 2085 2720 2130 -v.
2789 2065 2867 2128 12
2937 2070 3005 2130 et

513 2183 879 2263 τετρημένην,
929 2199 1004 2247 eo
1049 2183 1380 2266 maiorem,
1429 2199 1570 2245 cum
1616 2179 1900 2244 itacismi
1944 2176 2250 2243 defensor
2298 2177 2491 2242 eris.“
2540 2177 2744 2256 Quem
2772 2177 3003 2263 lusum,

522 2313 903 2379 quamquam
950 2294 1054 2360 vel
1122 2295 1287 2377 ipsa,
1357 2311 1522 2376 quae
1591 2293 1764 2358 inter
1834 2293 1959 2358 duo
2026 2291 2139 2356 illa
2208 2291 2417 2361 verba
2451 2291 2837 2374 interposita
2882 2298 3003 2374 est,

513 2427 742 2474 novem
784 2427 1087 2474 versuum
1135 2407 1338 2471 series
1386 2407 1674 2488 impedit,
1723 2405 2058 2488 quominus
2106 2403 2412 2470 simillimi
2462 2405 2771 2488 cuiusque
2816 2425 3007 2471 voca-

513 2522 651 2588 buli
695 2523 1059 2586 retineatur
1103 2521 1429 2601 memoria,
1502 2525 1719 2584 tamen
1765 2517 2041 2584 forsitan
2088 2519 2513 2584 condonarem
2559 2519 2888 2596 Richtero,
2956 2520 3015 2584 si

510 2636 724 2718 aliquo
756 2637 942 2702 modo
975 2653 1200 2700 versus
1248 2634 1352 2697 21.
1402 2633 1484 2699 ad
1537 2633 1633 2698 13.
1673 2633 1960 2699 ⁴ridicule
1994 2632 2370 2698 referretur.
2422 2633 2550 2698 Sed
2584 2651 2723 2698 cum
2758 2630 3014 2715 quaerit

513 2769 548 2814 e
598 2755 894 2816 consorte
943 2767 1170 2814 servus
1217 2749 1406 2823 alter,
1469 2749 1788 2812 undenam
1860 2764 2089 2826 nasum
2160 2751 2334 2811 emat
2399 2764 2533 2811 non·
2592 2745 3009 2828 perforatum,

515 2863 743 2927 nimias
792 2863 1058 2928 odorum
1103 2863 1318 2928 iocose
1369 2861 1661 2942 queritur
1707 2859 2062 2940 molestiaS,
2136 2877 2296 2940 quos
2368 2857 2531 2924 offae
2608 2859 2762 2924 illae
2810 2836 3007 2924 toties
3098 2847 3105 2852 ’

509 2963 785 3042 iteratae
818 2981 1140 3057 spargant.
1186 2975 1326 3040 Non
1355 2975 1556 3056 igitur
1584 2975 1784 3057 iocuS‚
1835 2975 1943 3056 qui
1992 2979 2095 3040 est
2140 2973 2208 3038 in
2250 2991 2343 3039 vs,
2394 2973 2497 3058 21,
2548 2991 2688 3038 cum
2734 2972 3008 3055 putidis-

503 3067 668 3157 simo
715 3091 822 3155 illo
854 3107 945 3155 vs,
983 3089 1080 3152 12.
1131 3088 1453 3183 cohaeret,
1504 3088 1620 3153 sed
1661 3089 1743 3152 ad
1775 3084 1993 3167 ἑτέραν,
2042 3088 2264 3171 ἑτέραν,
2314 3085 2570 3170 χάτέραν
2599 3109 2703 3166 μοι
2735 3083 3007 3169 χάτέραν,

439 3257 443 3261 .
509 3201 816 3283 συλλαβών
879 3201 986 3283 τὴν
1048 3200 1282 3262 ἀντλίαν
1341 3182 1542 3267 multo
1603 3201 1806 3283 magis
1868 3202 2175 3284 pertinet.
2273 3181 2504 3283 Itaque
2564 3206 2637 3264 ut
2683 3195 3003 3265 turun'dae

507 3318 678 3384 illius
713 3337 749 3383 e
796 3323 1085 3384 stercore
1123 3316 1370 3382 asinino
1420 3320 1688 3398 paratae
1731 3321 1880 3398 post
1916 3333 2174 3381 versum
2217 3321 2512 3397 quartum
2552 3334 2678 3380 non
2728 3314 3005 3396 amplius

480 3432 932 3512 meminimus,
983 3433 1076 3496 ita
1124 3431 1321 3495 etiam
1367 3447 1669 3524 versuum
1726 3429 1825 3494 12.
1874 3433 1941 3493 et
1992 3429 2090 3494 13.
2137 3429 2425 3512 proximo
2472 3428 2605 3510 illo,
2656 3430 2768 3511 qui
2812 3447 3009 3494 versu

518 3545 596 3607 14
643 3545 1031 3624 continetur,
1055 3535 1215 3610 'ioco
1264 3542 1502 3608 excidit
1549 3543 1879 3608 memoria.

718 3659 816 3724 Ad
889 3659 1228 3748 mundiora
1274 3658 1532 3723 tandem
1589 3656 2045 3722 deveniamus!
2118 3655 2284 3722 Sunt
2329 3656 2413 3720 in·
2444 3657 2629 3722 Pacis
2678 3655 3009 3724 comoedia

511 3791 740 3840 senum
789 3791 1018 3840 versus
1067 3771 1195 3836 335
1243 3777 1311 3838 et
1357 3771 1520 3838 336:
1619 3775 1624 3780 '

791 3901 796 3906 ”
833 3881 1058 3967 ἥδομαι
1103 3883 1216 3968 γὰρ
1259 3887 1364 3946 καὶ
1405 3885 1636 3966 γέγηθα
1679 3887 1776 3946 καὶ
1821 3888 2101 3964 πεπορὸα
2146 3885 2246 3945 ’καὶ
2290 3886 2431 3965 γελῶ

833 4001 1054 4079 μᾶλλον
1099 3995 1138 4080 ἢ
1182 3997 1250 4059 τὸ
1294 4002 1474 4080 γῆρας
1519 3997 1692 4068 ἐκδὺς
1738 3995 1998 4078 ἐκφυγών
2040 3995 2147 4078 τήν
2193 3995 2442 4072 ἀσπίδα,

509 4133 696 4196 quem
744 4133 998 4180 versum
1044 4113 1172 4178 iam
1216 4113 1484 4180 Florens
1535 4113 1937 4178 Christianus
1986 4112 2081 4177 sic
2112 4093 2229 4178 'est
2294 4113 2805 4194 interpretatus:
2876 4112 3005 4193 „Et

508 4231 672 4294 haec
718 4229 1059 4294 translatio
1131 4233 1234 4294 est
1279 4247 1318 4292 a
1387 4228 1824 4310 serpentibuS,
1897 4227 2004 4308 qui
2075 4227 2328 4292 senium
2396 4231 2659 4309 ponant.
2730 4225 3005 4290 Videtur

508 4349 725 4408 autem
773 4343 1025 4422 senium
1072 4363 1188 4426 pro
1235 4343 1406 4408 bello
1455 4342 1718 4424 dixisse,
1769 4341 1920 4423 quia
1982 4341 2140 4405 nihil
2188 4357 2421 4423 aeque·
2463 4338 2645 4423 pacis
2710 4345 3001 4405 amantes

509 4456 763 4522 colonos
809 4457 1154 4522 contristat
1197 4463 1266 4521 et
1311 4473 1714 4520 marcescere
1761 4454 1920 4520 facit
1965 4459 2161 4536 atque
2207 4453 2464 4518 bellum.
2533 4453 2721 4520 Unde
2755 4455 3000 4535 'postea

505 4571 631 4636 ait:
679 4567 911 4632 ἁπαλόν
955 4569 1003 4651 γ’
1055 4566 1129 4632 ἄν
1172 4569 1232 4650 μ’
1283 4568 1437 4640 ἴδοις
1478 4571 1575 4630 καὶ
1619 4566 1770 4630 πολὺ
1818 4566 2137 4647 νεώτερονε
2194 4567 2483 4649 loquitur
2544 4567 2731 4632 enim·
2764 4566 2997 4632 chorus

507 4701 764 4764 senum·;
811 4689 880 4748 at
927 4703 1067 4750 cum
1114 4682 1208 4751 ait
1257 4681 1517 4763 ἐκφυγών
1563 4679 1666 4762 τὴν
1714 4680 1947 4743 ἀσπίδα
1990 4681 2351 4765 dupliciter·
2384 4681 2617 4748 alludit
2660 4681 2733 4746 in‘
2774 4681 3009 4748 homo-,

508 4799 720 4882 nymia
765 4796 1022 4867 ἀσπίδος
1067 4804 1136 4863 et
1181 4799 1264 4864 ad
1309 4802 1682 4880 serpentem
1730 4801 1798 4862 et
1844 4798 1926 4862 ad
1972 4796 2309 4878 clipeum'..“
2357 4795 2525 4862 Male
2559 4792 2671 4860 ille
2706 4795 2995 4878 quidem!

504 4911 604 4985 En
647 4911 753 4986 hic
785 4905 888 4977 es't
918 4913 1256 4986 verborum
1288 4913 1501 4987 lusus:
1550 4911 1729 5002 γέρων
1775 4909 1857 4970 ὢν
1901 4912 2123 4998 μᾶλλον
2167 4905 2240 4972 ἂν
2286 4909 2539 4992 ήδοίμην
2586 4907 2847 4990 ἐκφυγών
2888 4906 2997 4996 τὴν

2585 5015 2625 5089 3
2646 5016 2682 5053 ἐκ
