3609 5742
1806 541 1891 610 36

607 710 856 786 ἀσπίδα,
903 708 939 794 ἢ
985 710 1166 784 ἀσπὶς
1212 717 1431 776 ἐκδῦσα
1473 712 1544 777 τὸ
1591 719 1792 798 γῆρας,
1857 716 1973 782 sed
2020 733 2183 799 quae
2243 716 2547 798 leguntur
2612 717 2780 800 apud
2848 717 3095 784 Aristo-

603 828 912 914 phanem:
959 831 1138 906 γῆρας
1185 827 1360 906 ,ἐκδὺς
1399 880 1412 895 .
1461 880 1478 896 .
1525 881 1540 894 .
1589 880 1603 895 .
1653 827 1915 910 ἐκφυγών
1959 827 2067 909 τὴν
2132 827 2363 890 ἀσπίδα
2422 830 2859 896 doctissimum
2919 831 3097 896 illum

611 939 1204 1024 facetissimumque
1252 941 1502 1008 Gallum
1579 945 1847 1026 opipare
1889 942 2281 1030 fefellerunt.
2349 942 2620 1022 Tantum
2682 944 2850 1013 enim
2894 945 3100 1025 abest,

608 1060 688 1131 ut⁴
721 1052 956 1116 ἀσπίδα
1000 1056 1132 1120 illic
1179 1055 1417 1138 duplici
1466 1058 1726 1125 notione
1772 1058 2013 1125 dictum
2062 1059 2169 1140 sit,
2217 1065 2307 1136 ut,
2356 1058 2413 1121 si
2459 1057 2539 1122 de
2587 1063 2892 1140 serpente
2940 1057 3101 1128 velis

610 1169 916 1250 cogitare,
963 1175 1140 1235 totus
1189 1176 1411 1236 careat
1457 1172 1817 1237 versiculus
1864 1189 2079 1238 sensu
2131 1171 2315 1250 Quod
2360 1170 2819 1236 detrimentum
2866 1190 2947 1237 ne
2994 1190 3099 1238 ca-

565 1359 568 1362 ,
609 1287 844 1364 perent
887 1284 1340 1366 Aristophanis
1387 1285 1635 1368 laudeS,
1699 1287 1764 1350 in
1812 1285 2448 1368 Aristophanicorum
2511 1285 2789 1400 virorum
2837 1285 3100 1352 civitate

617 1396 914 1464 consules
962 1396 1289 1464 debebant
1331 1399 1708 1480 providere!
2498 1406 2510 1412 “

815 1509 1331 1593 Reperiebantur
1393 1510 1589 1580 etiam
1655 1529 1694 1575 a
1762 1511 1895 1576 VV.
1965 1511 2103 1576 DD.
2165 1511 2453 1577 nonnulli
2524 1511 2857 1580 verborum
2923 1512 3103 1580 lusus

616 1623 682 1689 in
729 1622 1426 1706 ThesmophoriazusiS‚
1474 1623 1674 1690 veluti
1720 1623 1786 1690 in
1832 1641 1958 1690 vss,
2006 1623 2216 1688 449—
2224 1623 2373 1704 452,
2420 1624 2530 1744 qui
2574 1630 2759 1690 sunt:

920 1736 1067 1805 τέως
1110 1735 1216 1816 μὲν
1262 1728 1366 1798 οὖν
1411 1733 1536 1798 ἀλλ’
1585 1734 1891 1817 ἡμικάκως
1936 1734 2296 1818 ἐβοσκόμην

923 1852 1024 1910 νῦν
1068 1847 1124 1909 δ’
1174 1841 1348 1920 οὗτος
1394 1853 1452 1910 ἐν
1494 1856 1686 1912 ταῖσιν
1730 1853 2083 1930 τραγῳδίαις
2126 1855 2313 1912 ποιῶν

921 1960 1033 2024 τού
1039 1985 1070 2032 ς
1114 1958 1338 2039 ἄνδρας
1383 1961 1764 2025 ἀναπέπεικεν
1812 1962 1917 2024 οὐκ
1960 1962 2104 2025 εἶναι
2148 1962 2353 2034 θεούς·

675 2143 682 2148 ,
923 2073 1064 2138 ὥστ’
1113 2075 1302 2140 οὐκέτ’
1349 2079 1692 2156 ἐμπολῶμεν
1739 2074 1869 2137 οὐδ’
1916 2082 1993 2147 εἰς
2036 2072 2235 2159 ἥμισυ,

618 2191 848 2274 quibus
895 2190 962 2258 in
1009 2191 1302 2256 versibus
1349 2195 1423 2255 ut
1467 2187 1770 2270 ἡμικάκως
1816 2189 1974 2260 illud
2018 2196 2243 2264 contra
2277 2194 2671 2260 Lobeckium
2706 2194 3107 2289 defenderet,

617 2300 746 2365 οὐδ’
794 2308 874 2374 εἰς
919 2300 1099 2386 ἥμισυ
1145 2304 1285 2392 voci
1331 2303 1424 2369 illi
1471 2301 1769 2384 ἡμικάκως
1816 2307 2177 2387 oppositum
2229 2324 2376 2372 esse
2407 2307 2602 2400 ‘dixit
2661 2309 2731 2374 F.
2778 2309 2854 2376 V.
2901 2311 3107 2378 Fritz-

616 2417 848 2486 schius.
899 2417 1022 2485 Cui
1067 2417 1204 2490 viro
1243 2418 1604 2502 praeclaro,
1654 2395 2037 2502 quamquam
2102 2439 2267 2504 quae
2338 2421 2693 2504 disputavit
2761 2424 2842 2490 de
2908 2423 3111 2490 forma

565 2531 575 2542 “
619 2530 921 2615 ἡμικάκως
963 2531 1156 2614 plane
1207 2532 1548 2612 assentior,
1627 2538 1845 2598 tamen
1906 2532 1973 2597 in
2019 2552 2143 2615 quo
2214 2534 2371 2601 dicit
2438 2535 2663 2601 ludere
2732 2537 2831 2602 his
2894 2539 3109 2604 verbis

615 2643 1132 2728 Aristophanem,
1182 2643 1374 2712 fidem
1423 2665 1549 2712 non
1596 2645 1822 2712 habeo.
1870 2645 2032 2710 Nam
2080 2647 2205 2712 nisi
2252 2646 2419 2713 forte
2467 2653 2655 2730 putat
2684 2649 2921 2732 aliquis
2968 2669 3111 2718 eam

617 2758 971 2839 mulierem,
1021 2777 1186 2842 quae
1234 2764 1428 2826 antea
1473 2755 1775 2838 ἡμικάκως
1843 2759 2037 2824 vitam
2087 2763 2623 2840 sustentavisset,
2686 2768 2915 2846 postea
2959 2751 3110 2830 vero
3204 2760 3210 2765 '

528 2868 532 2872 ’
617 2869 700 2940 n'e
747 2873 1070 2948 dimidiam
1121 2873 1378 2956 quidem
1428 2874 1808 2942 corollarum
1855 2879 2107 2957 partem
2177 2876 2599 2957 vendidisset,
2648 2876 3111 2959 significavisse

621 3006 694 3054 se
740 3006 823 3052 ne
870 2993 1162 3070 quartam
1213 2988 1492 3070 quidem,
1563 3007 1688 3070 quo
1749 2988 1832 3052 ad
1890 2988 2234 3054 vivendum
2306 3009 2467 3072 opus
2531 2995 2731 3072 esset,
2802 2997 3109 3073 quaestus

620 3106 873 3186 partem
917 3099 1151 3189 labore¹
1185 3106 1300 3166 s'uo
1349 3101 1471 3166 sibi
1517 3102 1813 3183 potuisse
1845 3119 2099 3185 parare,
2152 3121 2278 3168 non
2311 3101 2403 3184 fit,
2454 3108 2523 3169 ut
2562 3105 2781 3168 verbis
2814 3101 3113 3183 ἡμικάκως

623 3219 693 3280 et
736 3211 916 3296 ἥμισυ
960 3211 1198 3282 lusisse
1245 3213 1740 3297 Aristophanem
1789 3213 2095 3282 dicamus,
2144 3191 2419 3282 Tantum
2465 3236 2617 3282 vero
2664 3217 2871 3297 abest,·
2912 3223 2985 3282 ut
3030 3218 3111 3283 de
3181 3282 3185 3286 .

625 3333 858 3411 quarta
901 3326 1012 3394 illa
1058 3328 1266 3394 victus
1311 3332 1498 3410 parte
1545 3327 1891 3410 quidquam
1940 3329 2277 3413 cogitetur,
2327 3335 2400 3394 ut
2446 3331 2547 3396 vix
2592 3332 2732 3413 ipse
2780 3331 2932 3395 mihi
2962 3350 3109 3414 per-

623 3442 930 3520 suadeam
975 3446 1108 3506 tam
1153 3441 1472 3522 insign-em
1498 3440 2300 3524 Thesmophoriazusarum
2336 3443 2759 3527 interpretem
2808 3444 2870 3508 in
2918 3444 3114 3512 istum

627 3574 910 3621 errorem
956 3555 1244 3620 incidere
1291 3553 1602 3637 potuisse,
1651 3557 2038 3637 praesertim
2087 3535 2229 3622 cum
2272 3571 2485 3638 neque
2543 3552 2839 3636 ἡμικάκως
2888 3557 3113 3624 similis

625 3668 941 3753 praesidii
984 3668 1279 3751 indigeat
1354 3672 1422 3757 et
1483 3667 1684 3732 totius
1753 3668 1877 3734 loci
1947 3670 2275 3735 sententia
2341 3674 2473 3736 tam
2542 3671 2810 3754 simplex
2856 3676 3117 3753 tamque

623 3784 815 3867 plana
860 3784 962 3862 sit,
1010 3788 1085 3848 ut
1130 3781 1554 3865 explicatione
1598 3779 1790 3846 facile
1838 3783 2397 3866 supersedeamus.
2444 3784 2578 3852 Iam
2625 3785 2875 3868 pridem
2948 3785 3119 3850 enim
3204 3871 3215 3876 -

629 3898 913 3981 quinque
960 3897 1312 3964 liberorum
1359 3900 1589 3962 mater
1613 3897 1853 3962 misere
1900 3895 2183 3977 vixerat3
2253 3903 2483 3980 postea
2526 3899 2716 3983 peius
2778 3899 2978 3963 etiam
3048 3915 3119 3964 se

627 4012 924 4078 habebat.
974 4010 1141 4090 Quid
1184 4014 1449 4093 praeter
1492 4009 1666 4078 hoc?
1733 4009 2010 4076 Ubinam
2070 4010 2263 4081 lusus
2312 4010 2487 4076 iste?
2555 4011 2698 4078 Non
2772 4015 2894 4094 est,
2965 4011 3121 4079 mihi

624 4126 844 4207 crede,
889 4131 1004 4194 aut
1048 4125 1104 4191 si
1151 4129 1274 4206 est,
1315 4123 1745 4208 Aristophane
1794 4129 1937 4190 erat
1980 4123 2303 4206 indignus.

837 4239 1232 4324 Implicatior
1277 4239 1570 4322 quaestio
1618 4241 1718 4304 est
1766 4238 1847 4304 de
1895 4237 2148 4304 Thesm.
2192 4256 2281 4304 vs,
2331 4236 2498 4302 912;

958 4345 1006 4416 ὦ
1053 4350 1286 4435 χρόνιος
1331 4349 1524 4414 ἐλθὼν
1570 4354 1677 4432 σῆς
1721 4348 2032 4430 δάμαρτος
2078 4354 2136 4420 ἐς
2180 4351 2369 4433 χέρας.
2818 4437 2829 4448 ⁸

843 4469 936 4534 Ac
979 4468 1073 4535 sic
1119 4468 1378 4550 quidem
1422 4467 1527 4532 hic
1571 4485 1796 4533 versus
1844 4467 1911 4531 in
1960 4465 2369 4546 editionibuS‚
2443 4449 2601 4549 quas
2678 4466 2934 4548 quidem
2983 4465 3124 4548 ipse

635 4582 909 4665 inspexi,
957 4581 1248 4648 omnihus
1293 4580 1553 4663 legitur.
1601 4579 1754 4648 Cod.
1802 4585 2022 4648 autem
2068 4581 2233 4662 Aug.
2300 4582 2620 4664 scriptura
2682 4585 2785 4646 est
2832 4575 3125 4661 ἐσχάραςς

636 4698 828 4767 Bern.
864 4697 1054 4764 Iunta
1085 4715 1162 4762 ex
1195 4696 1350 4764 Urb.
1375 4695 1540 4764 libro
1585 4715 1666 4760 m.
1701 4715 1750 4760 S.
1786 4695 2083 4762 exhibuit
2114 4697 2173 4764 ἐς
2196 4691 2403 4776 χάρας.
2450 4694 2524 4760 In
2555 4695 2933 4770 Ravennate,
2964 4671 3123 4771 cod„

639 4812 694 4877 si
731 4809 993 4893 quidem
1025 4810 1072 4879 1.
1105 4810 1410 4876 Bekkero
1445 4810 1632 4876 fidem
1669 4808 1999 4904 habemus,
2036 4811 2093 4876 ἐς
2124 4809 2297 4890 χέρας
2331 4808 2571 4890 legitur
2596 4811 2687 4890 (in
2719 4827 2777 4873 v.
2811 4807 3006 4891 912);
3036 4805 3130 4870 sic

643 4926 812 4996 euim
854 4924 969 4994 ille
1017 4925 1216 4994 tacite
1266 4925 1487 4992 edidit.
1523 4923 1943 4996 ,Invernizius
1986 4926 2205 4990 autem
2248 4921 2331 4990 ad
2375 4939 2467 4988 vs.
2517 4921 2645 4988 916
2716 4918 2901 5007 (910)
2969 4917 3131 4988 haec
3188 4959 3195 4962 -
