3609 5742
1555 691 1744 755 ·17

670 871 913 954 Lepide
957 871 1154 954 igitur
1196 872 1299 937 his
1345 889 1597 955 quoque
1660 869 1877 935 verbis
1942 867 2313 959 decipimurt
2343 866 2392 950 ¹)
2456 868 2618 934 Nam
2682 889 2863 953 quae·
2893 869 2959 936 in

462 986 622 1068 ipsis
670 986 992 1052 vocabulis
1040 988 1280 1070 insunt,
1330 992 1601 1069 repente
1649 989 1718 1048 et
1763 988 1987 1049 contra
2018 981 2414 1048 voluntatem
2460 981 2657 1049 aliter
2688 982 2945 1050 intelle-

448 1091 667 1180 'gimus
714 1105 910 1182 atque
956 1100 1250 1182 intellegi
1313 1100 1553 1165 debere
1617 1117 1652 1163 e
1715 1095 2226 1178 repugnantibus
2287 1093 2425 1164 fere
2485 1096 2826 1162 verborum
2879 1101 2951 1164 et

461 1213 634 1277 sonis
702 1219 770 1279 et
834 1211 1052 1278 form1s
1124 1214 1604 1296 collegeramus.
1674 1211 1956 1276 Auribus
2001 1208 2199 1290 igitur
2246 1205 2448 1286 μᾶζαν
2494 1207 2831 1292 μεμαχότος
2894 1213 2952 1272 ἐν

463 1326 678 1402 πυέλῳ,
724 1332 942 1392 mente
990 1325 1179 1410 μάχην
1224 1322 1630 1406 μεμαχηκότος
1679 1328 1736 1384 ἐν
1781 1321 1963 1399 Πύλῳ
2006 1321 2415 1406 percipimus,
2483 1321 2709 1404 Neque
2750 1329 2967 1392 tamen

464 1457 540 1505 eo
587 1438 789 1520 'magis
834 1433 1052 1517 μᾶζα,’
1082 1437 1348 1522 μάσσων,
1396 1436 1610 1508 πύελος
1655 1439 1993 1520 ambiguae
2043 1455 2237 1502 voces
2286 1436 2410 1504 dici
2457 1443 2746 1518 possunt,
2797 1439 2965 1520 quod

459 1570 737 1633 pugnam
789 1554 871 1620 ad
911 1552 1138 1637 Pylum
1186 1554 1586 1619 commissam
1633 1553 1701 1617 in
1743 1551 2115 1616 memoriam
2138 1549 2349 1616 .nobis
2397 1556 2737 1632 revocent3
2800 1571 2962 1620 nun-

463 1684 651 1748 quam
699 1667 868 1731 enim
913 1664 1082 1746 μᾶζα
1128 1667 1368 1749 duplici
1412 1667 1523 1733 illo
1569 1672 1638 1730 et
1678 1665 1881 1748 pultis
1952 1670 2019 1729 et
2088 1664 2321 1748 proelii
2394 1683 2591 1730 sensu
2658 1666 2954 1748 usurpari

459 1785 732 1862 poterat.
789 1779 989 1846 Immo
1035 1780 1173 1846 sola
1217 1781 1554 1846 verborum
1627 1778 2045 1844 similitudine
2114 1776 2412 1852 efficitur,
2480 1783 2555 1843 ut
2621 1778 2952 1844 audiamus

463 1891 610 1973 alia,
679 1893 804 1958 alia
872 1894 1245 1975 cogitemus,
1331 1893 1535 1973 Quam
1599 1894 1678 1959 ob
1724 1910 1863 1957 rem
1912 1892 2245 1974 quoniam*
2273 1893 2631 1978 miscentur
2697 1897 2766 1956 et
2820 1910 2967 1958 con-

465 1976 819 2071 'funduntur
878 2007 1178 2072 similium
1239 2007 1529 2089 quidem,
1615 2024 1741 2071 non
1802 2010 2019 2070 tamen
2090 2006 2445 2088 mediorum
2515 2005 2967 2073 vocabulorum

467 2121 784 2202 notioneS,
833 2117 983 2185 ficta
1029 2120 1344 2202 quaedam
1389 2120 1509 2185 hoc
1570 2120 1637 2184 in
1700 2137 1894 2184 versu
1962 2118 2128 2182 latet
2197 2117 2331 2186 ficti
2402 2117 2733 2185 cuiusdam
2779 2119 2962 2187 verbi

459 2235 866 2316 ambiguitas,
931 2234 1102 2316 quod
1167 2234 1447 2300 medium
1508 2232 1678 2300 foret
1735 2234 1909 2298 inter
1953 2231 2206 2309 μάσσων
2253 2238 2322 2297 et
2365 2229 2695 2312 μάχεσθαι.
2765 2231 2959 2298 Nulla

461 2349 630 2414 enim
676 2349 743 2413 in
787 2347 988 2414 forma
1031 2347 1192 2414 haec
1232 2349 1428 2413 verba
1477 2347 1882 2413 conveniunt.
1944 2346 2225 2427 Fingere
2295 2351 2511 2411 autem
2561 2364 2701 2410 cum
2746 2347 2955 2427 possi-

393 2505 406 2512 ·
460 2481 622 2542 muS,
670 2479 1089 2544 quaecunque
1135 2479 1373 2545 asera
1420 2477 1635 2524 rerum
1680 2458 1900 2541 specie
1946 2458 2277 2540 recedunt,
2327 2458 2458 2524 tale
2506 2477 2762 2541 quoque
2814 2478 2963 2525 ver-

469 2575 620 2640 bum
654 2574 971 2656 quoddam
1018 2575 1266 2640 duabus
1314 2593 1351 2637 e
1396 2568 1722 2640 radicibus
1757 2573 2047 2654 quamvis
2080 2571 2309 2638 alienis
2340 2570 2586 2654 fingere
2621 2578 2689 2638 et
2721 2572 2959 2638 ducere

462 2689 804 2771 potuimus,
1888 2667 1903 2680 ⁸
2524 2747 2531 2754 .

671 2802 915 2882 Quibus
951 2802 1259 2886 exemplis
1295 2822 1436 2867 cum
1484 2806 1588 2866 sat
1631 2801 1822 2884 plane
1870 2800 2025 2864 mihi
2069 2800 2292 2866 videar
2337 2799 2721 2881 ostendisse,
2745 2814 2956 2884 ‘quam

464 2915 802 3001 multiplex
847 2918 932 2982 sit
977 2924 1046 2982 et
1092 2919 1338 2983 varium
1368 2916 1488 2982 hoc
1538 2915 1920 2980 facetiarum
1964 2933 2189 3006 genuS,
2240 2914 2475 2996 quippe
2510 2915 2739 2994 quibus
2772 2916 2957 2985 multi

462 3031 585 3096 ioci
629 3029 818 3096 facile
862 3030 1112 3114 possint
1167 3030 1426 3110 adiungi
1472 3034 1539 3092 et
1584 3031 1859 3116 misceri,
1910 3030 2039 3112 qui,
2110 3029 2164 3092 si
2226 3033 2483 3110 spectes
2548 3028 2819 3110 singula,
2872 3030 2954 3096 ad

469 3144 643 3209 aliud
690 3143 1006 3227 quoddam
1053 3135 1272 3224 'genus
1337 3147 1576 3224 queant
1642 3139 1895 3222 referri,
1964 3159 2091 3208 non
2168 3145 2273 3206 est
2339 3141 2507 3222 quod
2576 3142 2955 3208 scholiastas

464 3247 742 3338 mireris,
791 3257 898 3339 qui
943 3257 1043 3320 his
1089 3256 1154 3319 in
1201 3257 1357 3340 iocis
1390 3255 1771 3320 denotandis
1803 3252 1999 3324 παίζει
2031 3253 2142 3319 illo
2190 3260 2258 3318 et
2287 3251 2497 3315 παιδιά
2543 3258 2611 3318 et
2642 3254 2956 3320 similibus

461 3372 676 3437 verbis
722 3389 848 3437 non
905 3372 1116 3435 minus
1173 3371 1272 3435 usi
1343 3369 1493 3448 sint,
1567 3387 1755 3450 quam
1817 3359 1885 3432 in
1952 3367 2243 3452 reliquis.
2314 3367 2734 3434 Inveniuntur
2800 3388 2953 3438 vcro

462 3484 657 3549 etiam
702 3483 892 3549 huius
938 3483 1196 3564 generis
1262 3483 1405 3563 ioci,
1480 3499 1638 3564 quos
1703 3480 2028 3563 explicent
2090 3481 2475 3562 distinctiuS,
2539 3481 2740 3548 veluti
2809 3501 2953 3548 cum

461 3587 682 3661 dicunt
709 3593 874 3676 παρὰ
916 3594 1158 3677 γράμμα
1187 3598 1484 3675 κωμῳδεῖ,
1524 3591 1977 3672 ὀνοματοποιεῖ,
2008 3591 2363 3675 παρήχηται,
2409 3593 2949 3674 παρεγραμμάτισε,

461 3713 1053 3794 παραγραμματρσμῷ
1099 3713 1328 3792 χρῆται,
1399 3727 1563 3792 quae
1634 3708 1888 3775 etiamsi
1956 3700 2081 3774 n⁸on
2144 3708 2401 3791 proprie
2449 3707 2790 3790 designent
2834 3708 2954 3775 hoc

458 3842 682 3906 genus,
730 3842 926 3906 saepe
972 3829 1190 3887 tamen
1236 3823 1359 3888 huc
1405 3827 1722 3905 spectant.
1813 3820 2080 3903 Propria
2148 3823 2319 3887 enim
2379 3821 2567 3886 huius
2614 3823 2952 3889 verborum

455 3935 634 4000 lusus
666 3954 792 4000 una
822 3939 1145 4018 reperitur
1189 3934 1359 4018 apud
1405 3953 1515 4000 eos
1560 3933 1978 4016 significatio:
2042 3935 2306 4024 5⁷3!quae
2360 3931 2643 4015 συνήγαγε
2690 3932 2795 4004 τὰς
2841 3933 2951 3998 δύο

455 4046 764 4199 λέξεις.Αο
808 4153 976 4199 nunc
1023 4135 1301 4216 quidem,
1350 4135 1648 4217 quoniam
1699 4134 1854 4216 quid
1901 4135 2212 4199 sentirem
2277 4153 2397 4216 ego
2457 4098 2559 4200 his
2596 4135 2687 4240 ‚de
2732 4135 2949 4220 rebus,

441 4253 647 4330 ‘porro
695 4267 882 4330 quam
931 4248 1317 4314 scholiastae
1364 4250 1429 4313 in
1476 4245 1857 4314 denotandis
1905 4247 2353 4331 Aristophanis
2387 4248 2544 4313 iocis
2576 4249 2944 4330 praestitis-

459 4368 608 4427 sent
639 4371 899 4444 operam
934 4362 1220 4445 exposui,
1269 4361 1336 4426 id
1370 4359 1627 4426 omnino
1663 4361 1820 4425 mihi
1867 4366 1969 4425 est
2000 4362 2339 4442 agendum,
2387 4366 2461 4425 ut
2494 4380 2634 4426 cum
2666 4360 2948 4442 philoso-

455 4475 740 4556 phorum,
789 4475 897 4557 qui
943 4476 1023 4540 de
1070 4475 1266 4540 rebus
1311 4475 1574 4539 comicis
1625 4474 2047 4556 scripserunt,
2114 4473 2514 4557 principibus
2560 4473 2625 4539 in
2671 4476 2948 4554 gratiam

457 4588 738 4653 redeam.
789 4588 1070 4666 Quorum
1118 4587 1573 4653 auctoritatem
1646 4606 1789 4652 cum
1851 4606 2102 4653 mecum
2169 4593 2542 4671 reputarem
2609 4607 2735 4654 non
2797 4589 2949 4654 inde

457 4701 540 4765 iri
583 4698 1056 4784 amplificatum,
1104 4702 1160 4766 si
1209 4702 1400 4767 iustis
1450 4721 1528 4766 ac
1571 4701 1804 4768 merito
1839 4701 2077 4768 debitis
2109 4701 2361 4770 illorum
2392 4703 2689 4770 laudibus
2720 4719 2941 4768 acces-

460 4813 657 4879 sisset
701 4814 991 4879 cumulus
1039 4815 1608 4882 commendationis
1655 4833 1860 4896 meae,
1907 4832 2119 4896 neque
2166 4815 2449 4882 illustria
2478 4822 2577 4882 tot
2607 4822 2945 4900 praestan-

667 5076 709 5135 ¹)
745 5076 969 5132 Aristot.
1009 5074 1108 5130 Rh.
1145 5076 1242 5132 III.
1283 5077 1366 5132 ll.
1407 5080 1521 5128 ἔστι
1559 5078 1622 5128 δὲ
1660 5078 1753 5128 καὶ
1789 5073 1865 5129 τοὶ
1903 5073 2099 5130 ἀστεῖα
2138 5107 2199 5118 -
2236 5082 2595 5148 μεταστρέφει
2635 5075 2829 5140 ὄνομα.

2596 5167 2639 5233 2
