3609 5742
1725 659 1806 728 41

729 837 1110 924 Berglerus:
1189 837 1242 907 O
1305 839 1568 924 Popule‚
1625 839 2029 923 praeclarum
2107 839 2331 921 utique
2392 838 2593 904 habes
2664 837 3016 920 imperium

558 1005 1092 1024 .......
1130 974 1313 1020 mens
1358 961 1575 1020 aut-em
1619 960 1734 1021 tua
1777 969 2091 1036 praesens
2138 958 2240 1018 est
2278 953 2541 1056 absens.

696 1077 1135 1186 ⁸Ribbeokus:
1199 1122 1252 1186 O
1314 1119 1574 1201 Demos,
1623 1121 2141 1206 beneidenswert
2201 1119 2290 1183 ist
2357 1117 2549 1183 deine
2616 1115 2883 1184 Gewalt.
2930 1151 3017 1162 —

566 1284 1108 1302 .......
1144 1235 1261 1300 der
1307 1233 1631 1300 Verstand
1702 1234 1923 1334 indess
1972 1230 2260 1298 schweift
2305 1237 2616 1297 auswarts
2650 1250 2729 1296 zu
2774 1229 3011 1306 Hause.
3092 1297 3095 1302 ,

733 1399 1089 1482 Seegerus:
1136 1398 1392 1476 DemOS,
1444 1398 1560 1464 wie
1609 1399 1694 1464 du
1739 1398 2042 1480 gewaltig
2088 1398 2221 1462 bist
2276 1453 2287 1464 .
2361 1449 2384 1481 .,
2448 1444 2982 1463 .......

529 1513 678 1577 dein
725 1512 896 1577 Witz
945 1510 1176 1591 ergeht
1221 1511 1360 1576 sich
1404 1530 1498 1576 wo
1543 1511 1800 1581 andere.

743 1677 1005 1742 Hieron.
1055 1675 1440 1740 Muellerus.
1507 1676 1650 1740 Wie
1697 1674 2017 1744 herrliche
2064 1675 2281 1740 Macht
2326 1673 2411 1738 du
2455 1675 2624 1754 iibst,
2674 1692 2710 1739 o
2756 1671 3017 1744 Demos,
3035 1693 3043 1702 ·
3126 1659 3135 1670 “

577 1840 1110 1858 .......
1142 1788 1309 1854 doch
1357 1785 1690 1853 schweifet
1737 1788 1854 1853 der
1900 1787 2089 1855 Geist
2134 1789 2233 1854 ab.
2616 1803 2621 1809 ·

737 1955 920 2023 Unus
965 1954 1121 2020 mihi
1165 1955 1254 2020 sit
1294 1951 1604 2036 'exceptus
1666 1954 1798 2020 loli.
1848 1953 2034 2022 Gust.
2082 1955 2471 2038 Droysenus.
2528 1952 2661 2033 Qui
2724 1951 2827 2018 vir.
2868 1950 3020 2018 doc

534 2069 826 2135 tissimus
868 2087 1014 2136 cum
1083 2072 1213 2134 tam
1261 2067 1522 2149 egregie
1587 2067 1752 2132 hanc
1823 2067 2217 2134 comoediam
2278 2065 2345 2132 in
2408 2069 2694 2132 nostram
2738 2065 3023 2147 linguam

535 2183 943 2262 converterit,
991 2186 1081 2260 ut,
1130 2187 1344 2248 utrum
1387 2180 1630 2261 ingenii
1711 2199 2001 2260 acumen,
2064 2199 2188 2262 quo
2234 2179 2623 2246 secretiores
2682 2185 2753 2256 et
2813 2198 3021 2262 paene

533 2273 899 2364 reconditas
932 2294 1346 2375 indagaverit
1385 2311 1693 2359 versuum.
1736 2298 2137 2373 venustateS,
2184 2313 2265 2360 an
2313 2293 2607 2360 vertendi
2656 2292 2869 2374 magis
2907 2293 3023 2372 adq

493 2409 806 2482 ”mireris
832 2409 1152 2491 peritiam,
1204 2426 1402 2490 saepe
1467 2409 1743 2488 nesciaS,
1785 2406 1997 2473 hosce
2056 2426 2311 2490 quoque
2373 2406 2517 2473 suis
2571 2405 3027 2473 versibus-ita

531 2521 831 2603 reddidit,
893 2527 976 2598 ‚ut
1041 2521 1380 2596 dummodo
1454 2520 1907 2602 Aristophanis
1977 2516 2189 2587 lusuin
2251 2520 2687 2602 perspexeris,
2749 2519 3027 2600 vest‘gia

534 2636 677 2702 eius
723 2635 916 2703 etiam
982 2636 1051 2700 in
1109 2636 1408 2707 versione
1480 2635 1599 2703 tibi
1661 2635 1944 2702 videar-is
2006 2635 2515 2717 deprehendere.
2578 2633 2835 2723 Etemm
2882 2651 3025 2700 cum
3152 2669 3161 2676 ·

534 2748 708 2814 chori
739 2747 1052 2828 canticum
1090 2748 1306 2814 verbis
1339 2740 1386 2806 ὦ
1435 2750 1598 2826 Δῆμε
1630 2749 1915 2831 incipiat,
1974 2748 2231 2816 desinat
2261 2748 2326 2812 in
2370 2751 2508 2816 νοῦς
2555 2748 2627 2810 δέ
2668 2767 2776 2808 σου
2822 2743 3026 2824 παρὼν

533 2858 856 2939 ἀποδημεῖ,
903 2861 1162 2929 dubium
1209 2879 1334 2928 non
1379 2866 1502 2940 est,
1551 2862 1704 2944 quin
1736 2881 1865 2926 non
1930 2861 2133 2943 magis
2166 2857 2373 2939 παρών
2418 2859 2736 2939 ἀποδημεῖ.
2774 2877 3025 2943 oxymo·.

533 2993 673 3041 rum
693 3023 708 3052 ‚
771 2973 947 3054 quod
1015 2978 1262 3052 vocant,
1327 2972 1569 3042 efficiat
1589 3023 1604 3053 ,
1676 2993 1866 3056 quam
1934 2977 2141 3055 Δῆμος
2210 2972 2541 3054 ἀποδημῶν
2606 2972 3026 3040 bellissimum

536 3086 768 3154 lusum.

743 3226 922 3304 Quae
967 3245 1075 3292 res
1123 3244 1265 3292 cum
1313 3226 1406 3291 ita
1449 3226 1556 3306 sit,
1603 3227 2167 3309 praestantissime
2213 3226 2584 3312 Droysenus
2648 3225 2742 3292 s'ic
2789 3223 3023 3291 vertit:

1036 3391 1180 3470 Wol
1224 3392 1313 3474 ist
1356 3391 1476 3471 dir,
1525 3410 1561 3456 o
1605 3392 1792 3474 Volk,
1841 3391 2109 3484 bestellt

893 3503 909 3522 ⁸
1037 3506 1162 3572 Die
1206 3505 1594 3571 herrlichste
1641 3505 1861 3571 Macht
1906 3507 2023 3582 der
2068 3503 2276 3587 Welt3

1070 3778 1087 3794 .
1161 3785 1174 3798 .
1247 3787 1262 3800 .
1299 3734 1552 3800 sitzend
1596 3734 1907 3800 verlierst
1953 3734 2039 3799 du
2085 3734 2254 3800 dann

994 3907 1000 3912 .
1039 3845 1164 3910 den
1211 3845 1378 3912 Witz
1425 3848 1494 3912 in
1541 3847 1646 3912 die
1693 3847 1989 3928 Wolken.

663 4015 666 4018 ’
745 4010 942 4093 Atqui
990 4012 1291 4093 quoniam
1338 4030 1464 4076 non
1509 4012 1575 4076 in
1619 4011 1951 4078 vocabulis
2010 4011 2226 4092 „wol,“
2278 4017 2347 4076 et
2396 4010 2745 4095 „Wolken“
2776 4012 2914 4085 ‚sed
2960 4013 3025 4077 in

539 4123 964 4190 substantivis
1011 4123 1284 4204 „Volk,“
1332 4129 1402 4188 et
1449 4124 1808 4208 ,‚Wolken“
1841 4125 2042 4205 iusim,
2078 4124 2539 4208 qualiscunque
2575 4119 2696 4206 est,
2731 4115 3033 4192 contine)
3114 4167 3119 4176 -

539 4242 664 4320 tur,
711 4234 929 4318 populi
974 4253 1127 4302 vero
1175 4255 1406 4302 nomen
1453 4255 1580 4303 non
1628 4255 1708 4302 ea
1751 4237 1817 4301 in
1864 4255 2092 4302 versus
2140 4238 2297 4306 sede
2346 4235 2721 4304 collocatum
2768 4243 2891 4319 est,
2954 4247 3027 4305 ut

538 4348 924 4432 syllabarum
991 4348 1450 4414 similitudines·
1503 4346 1694 4414 facile
1733 4350 2031 4418 auribus
2084 4353 2565 4435 percipiantur,.
2614 4369 2738 4418 non
2798 4353 3027 4420 inutile

539 4463 688 4528 duxi
733 4463 892 4528 haec
953 4464 1248 4547 pluribus
1307 4469 1756 4547 pertractare·
1803 4466 1926 4530 Est
1992 4467 2163 4531 enim
2232 4467 2417 4549 quasi
2486 4467 2662 4534 dicas
2725 4483 3027 4534 sermone

538 4579 916 4644 vernaculo:
981 4579 1266 4645 Geehrte
1313 4579 1823 4661 Versammlung.
1862 4633 1878 4648 .
1953 4629 1963 4643 .
2036 4634 2050 4648 .
2100 4581 2184 4645 du
2229 4580 2362 4647 bist
2404 4579 2583 4646 nicht
2625 4567 3024 4663 gesammelt‚

537 4691 640 4756 vel
665 4691 912 4756 latine:
962 4692 1016 4756 Ο
1063 4692 1358 4772 curiales,
1406 4711 1621 4758 rerum
1670 4696 2031 4759 vestrarum
2076 4693 2239 4758 estis
2283 4693 2609 4775 incuriosi,
2658 4696 2713 4761 Ο
2747 4696 2987 4760 ·contio
3010 4693 3033 4757 ἲ·

538 4802 642 4868 nil·
676 4805 818 4869 sani
864 4805 980 4870 tibi
1014 4822 1086 4870 es
1133 4807 1406 4887 conscia,
1455 4807 1593 4871 vel:
1641 4807 1862 4872 Habes
1910 4806 2251 4888 imperium
2282 4807 2645 4889 pulchrum,
2682 4828 2719 4875 o
2760 4807 3025 4892 popuie,

539 4917 656 4982 sed
702 4935 774 4984 es
819 4917 1451 5002 hebesl··1mperium
1495 4919 1717 5000 habes,
1767 4939 1804 4985 ο
1851 4919 2107 5001 popule,
2178 4919 2295 4986 sed
2340 4921 2575 4986 mentis
2638 4934 2724 4988 es
2772 4934 3025 5004 experti,

539 5036 609 5099 et
653 5049 818 5118 quae
863 5013 1018 5115 sunt
1059 5032 1248 5100 huius
1294 5034 1554 5115 generis
1601 5039 1926 5100 sexcenta.
