3609 5742
1853 598 1935 675 12

691 800 702 808 -
805 799 810 806 ·
867 779 982 864 (4.)
1029 779 1368 863 Reliquum
1403 788 1524 863 est,
1573 790 1654 850 ut·
1691 787 1770 851 de
1817 789 1901 852 iis
1948 787 2275 854 vocabulis
2323 788 2647 868 dicamuS„
2674 791 2905 871 quibus
2952 793 3135 860 scho-

647 891 878 956 liastae
924 891 1219 973 ambigua
1262 896 1522 976 proprie
1569 897 1950 978 significant.
2020 901 2199 979 Quae
2248 901 2503 982 quidem
2550 903 2859 968 vocabula
2930 904 3023 970 ita
3069 907 3137 969 in

647 1007 773 1071 duo
805 1021 1072 1086 genera
1134 1012 1284 1087 apte
1347 1009 1647 1076 videntur
1693 1011 1971 1078 discerni
2018 1033 2233 1096 posse,
2295 1019 2369 1078 ut
2416 1015 2603 1079 alteri
2667 1031 2745 1080 ea
2811 1017 3136 1083 ascriban-

647 1129 774 1204 tur,
820 1144 984 1207 quae
1031 1124 1112 1188 ad
1157 1141 1348 1197 unam
1393 1141 1612 1188 vocem
1659 1126 2017 1206 ambiguam
2088 1127 2453 1210 duplicique
2524 1146 2719 1192 sensu
2787 1129 3137 1195 adhibitam

645 1239 1034 1320 pertineant,
1072 1255 1272 1319 *quem
1333 1238 1604 1302 verbi
1661 1238 1806 1304 lus
1833 1259 1959 1304 um
2036 1241 2177 1305 iure
2246 1242 2457 1322 possis
2507 1242 2724 1307 dicere
2799 1279 2877 1290 —-
2946 1243 3136 1310 alteri

648 1370 744 1430 ea,
791 1370 909 1433 per
953 1369 1116 1433 quae
1166 1350 1594 1432 compluribus
1642 1352 1853 1433 iisque
1900 1358 2011 1417 aut
2058 1354 2373 1419 similibus
2424 1359 2531 1418 aut
2580 1355 2899 1436 ambiguis
2947 1375 3133 1422 voca-

646 1463 813 1528 bulis
860 1463 1302 1545 quoquomodo
1347 1463 1616 1529 ridicule
1663 1483 1736 1530 se
1784 1466 2253 1548 excipientibus
2328 1467 2677 1533 iocularem
2751 1467 2919 1534 effici
2987 1487 3135 1534 sen-

644 1577 914 1643 tentiam
958 1578 1318 1644 doceamur.
1387 1577 1600 1658 Atque
1647 1577 1750 1642 hic
1798 1597 1989 1644 verus
2039 1585 2141 1644 est
2188 1586 2257 1646 et
2318 1581 2634 1660 genuinus
2706 1583 3135 1648 verborum

645 1691 932 1757 lusus
2526 1683 2537 1688 ’

856 1806 942 1870 Et
986 1806 1194 1870 altera
1240 1804 1496 1886 quidem
1541 1804 1673 1884 illa,
1747 1824 1912 1887 quae
1959 1807 2041 1870 ad
2086 1807 2285 1886 solam
2346 1805 2412 1871 in
2459 1807 2777 1888 loquendo
2822 1807 3135 1888 ambigui-

649 1925 851 1986 tatem
896 1918 1138 1984 rectius
1182 1916 1574 1999 referuntur,
1621 1918 1783 1983 haec
1826 1917 1966 1982 fere
2003 1923 2198 1984 sunt:

849 2029 1240 2112 ἀμφιβόλως,
1320 2031 1790 2108 κεκαλυμμένως,
1868 2029 2259 2110 κακεμφάτως
2326 2032 2481 2116 λέγει,
2552 2031 2925 2111 εὐᾳημισμός
2992 2037 3133 2112 ἐστι,

645 2143 1048 2225 διλημμάτους
1113 2147 1324 2224 τίθησι
1390 2142 1588 2216 λέξεις,
1657 2151 1782 2213 τοῖς
1828 2151 2031 2221 μέσοις
2076 2147 2286 2225 χρῆται
2333 2141 2572 2224 ῥίμασι,
2642 2141 3135 2226 περιεσταλμένως

645 2257 920 2338 βούλεται
965 2257 1170 2340 λέγειν,
1239 2263 1319 2326 εἰς
1363 2255 1430 2318 τὰ
1481 2257 1728 2338 αἰσχρὸν
1773 2255 2084 2330 ἀποτείνει,
2156 2255 2450 2338 ἐχρήσατο
2520 2255 2685 2336 παρὰ
2750 2255 2821 2318 τὸ
2871 2308 2886 2322 .
2936 2307 2987 2340 .,
3057 2257 3136 2328 ὠς

644 2369 796 2448 πρὸς
842 2419 856 2436 .
906 2417 943 2445 .,
1021 2371 1098 2440 ὡς
1159 2375 1207 2430 εἰ
1251 2368 1432 2449 ἔλεγεν
1477 2419 1491 2434 .
1541 2415 1576 2442 .,
1653 2370 1775 2430 ἐπεὶ
1824 2367 2063 2448 ἔγκειται
2111 2419 2124 2434 .
2174 2414 2211 2443 .‚
2288 2369 2399 2430 δύο
2448 2373 2669 2439 ἐννοίας
2721 2368 2855 2452 ἔχει,
2926 2375 3136 2444 διττῶς

643 2486 902 2563 νοητέον,
950 2483 1224 2563 βούλεται
1269 2487 1465 2556 εἰπεῖν,
1513 2487 1764 2561 κομψῶς
1810 2486 1881 2561 τῇ
1931 2480 2265 2562 ἀμφιβολίᾳ
2312 2487 2539 2565 χρῆται.

853 2598 1098 2678 Quibus
1169 2579 1322 2684 quid
1390 2595 1592 2660 velint
1661 2595 2071 2676 scholiastae,
2140 2603 2213 2661 ut
2282 2592 2502 2679 paucis
2566 2599 3021 2677 ostendamuS,
3094 2618 3129 2663 e

643 2712 1024 2795 perenniet
1070 2709 1449 2776 inexhausto
1511 2709 1734 2774 harum
1789 2710 2180 2774 -facetiarum
2247 2712 2445 2790 fonte,
2515 2711 2596 2776 de
2667 2711 2897 2793 quibus
2966 2712 3131 2778 infra

647 2827 904 2892 dicetur
947 2825 1242 2900 uberius,
1302 2823 1430 2888 iam
1494 2820 1559 2886 in
1607 2805 1788 2886 'hunc
1846 2821 2074 2898 locum,
2146 2841 2309 2904 quae
2378 2828 2528 2887 sunt
2596 2823 2783 2890 huius
2846 2825 3127 2905 genem,

646 2938 950 3006 nonnulla
996 2937 1444 3002 derivabimus.
2775 3025 2780 3028 -

847 3050 1288 3132 Amphithe‘us·
1316 3049 1424 3114 ille
1471 3048 1554 3113 ad
1581 3047 1995 3129 Dicaeopolin
2032 3049 2329 3127 accurrit,
2378 3049 2497 3128 cui,
2547 3048 2701 3129 quid
2746 3048 2907 3114 adeo
2940 3048 3146 3134 festi-¹

636 3169 822 3230 naret
865 3163 1320 3244 interrogatus,
1368 3161 1525 3226 haec
1572 3161 1907 3242 respondit
1951 3161 2017 3226 ln
2066 3161 2219 3226 Ach.
2267 3179 2391 3226 vss.
2453 3161 2818 3226 178—-1852

1011 3326 1024 3340 .
1076 3325 1088 3340 .
1139 3321 1152 3336 .
1203 3273 1310 3354 ἐγώ
1357 3275 1462 3352 μὲν
1509 3271 1683 3351 δεῦρό
1733 3295 1829 3334 σοι
1878 3270 2149 3342 σπονδάς
2194 3275 2387 3352 φέρων

945 3387 1270 3460 ἔσπευδον,
1301 3385 1361 3448 οἳ
1407 3385 1462 3446 δ’
1511 3382 1827 3464 ὤσφροντο
1874 3388 2209 3466 πρεσβῦταί
2246 3408 2393 3456 τινες

948 3500 1294 3582 Ἀχαρνικοί,
1343 3501 1579 3562 στιπτοὶ
1626 3497 1905 3579 γέροντες,
1952 3502 2201 3575 πρίνινοι
2570 3500 2756 3564 .180-

946 3611 1322 3692 ἀτεράμονες,
1369 3606 1934 3695 Μαραθωνομάχαι,
1980 3610 2419 3690 σφενδάμνινοι.

949 3725 1123 3789 ἔπειτ’
1173 3725 1491 3806 ἀνέκραγον
1535 3723 1766 3794 πάντες.
1860 3718 1906 3785 ὦ
1948 3723 2301 3804 μιαρώτατε,

951 3838 1216 3910 σπονδὰς
1261 3842 1454 3920 φέρεις
1499 3844 1614 3900 τῶν
1657 3837 2378 3921 ἀμπέλων·τετμημένων;
2465 3847 2467 3850 ’
2596 3838 2751 3902 183·

953 3953 1060 4024 κάς
1103 3952 1244 4023 τούς
1287 3955 1577 4033 τρίβωνας
1623 3951 1985 4029 ξυνελέγοντο
2031 3956 2147 4010 τῶν
2190 3953 2400 4014 λίθω-ν.

953 4065 1080 4148 ἐγώ,
1109 4066 1162 4128 δ’
1210 4068 1473 4145 ἔφευγον.
1521 4063 1584 4124 οἳ
1631 4063 1682 4124 δ’
1733 4067 1979 4125 ἐδίωκον
2024 4062 2269 4145 κάβόων

640 4183 770 4248 vini
799 4181 1053 4248 scilicet
1097 4187 1308 4247 utrem
1355 4181 1775 4257 insectantes,
1828 4197 2015 4258 quem
2064 4177 2487 4259 Amphitheus
2535 4182 2859 4259 tamquam
2888 4177 3125 4242 induti·
3227 4248 3231 4252 ,

640 4317 854 4376 arum,
925 4313 1084 4378 quas
1128 4294 1392 4360 fecisset
1439 4310 1580 4357 cum
1651 4290 2203 4369 LacedaemoniiS‚
2266 4291 2515 4370 signum
2576 4308 2793 4355 secum
2855 4290 3125 4356 ferebat.

640 4411 822 4489 Quae
867 4410 1076 4476 omnia
1119 4406 1583 4488 intelleguntur
1629 4423 1707 4469 ex
1769 4423 1895 4469 uno
1938 4401 2262 4468 „vocabulo
2331 4400 2603 4471 σπονδὰς
2670 4404 2733 4468 in
2809 4421 2935 4469 vss.
3006 4403 3125 4468 178

641 4528 710 4588 et
777 4521 928 4602 1833
995 4517 1227 4598 σπονδή
1294 4519 1486 4598 enim,
1554 4521 1628 4581 ut
1685 4519 1847 4582 bene
1893 4516 2054 4582 vidit
2096 4515 2239 4582 Alb.
2286 4516 2661 4599 MuellerUS,
2731 4517 3123 4594 libationem,

641 4639 901 4696 σπονδαί
941 4634 1224 4700 indutias
1271 4631 1650 4714 significant.
1719 4625 1972 4711 Duplex
2035 4634 2137 4694 est
2180 4629 2379 4710 igitur
2423 4630 2609 4694 huius
2657 4629 2832 4696 vocis
2878 4647 3123 4694 sensus.

849 4747 1138 4814 Alterum
1183 4746 1519 4828 ambiguae
1569 4745 1738 4810 vocis
1807 4741 2072 4808 afferam
2142 4761 2178 4806 e
2226 4741 2504 4806 Nubium
2548 4741 2851 4823 parabasi
2906 4760 3119 4806 exem-

641 4862 833 4945 plum.
901 4862 975 4926 In
1019 4859 1394 4942 Eupolideis
1461 4858 1589 4924 illis
1637 4857 1929 4922 versibus
1976 4876 2015 4921 a
2059 4855 2187 4918 518
2238 4874 2442 4936 usque
2512 4855 2595 4920 ad
2662 4854 2813 4934 562,
2892 4853 3123 4935 quibus

642 4974 1106 5060 Aristophanes
1147 4973 1502 5055 spectantis
1545 4971 1762 5053 populi
1807 4970 2079 5050 gratiam
2126 4967 2247 5034 sibi
2282 4968 2623 5033 conciliare
2656 4968 2896 5048 studet,
2944 4971 3122 5050 post-
