3609 5742
1694 619 1788 686 43

503 789 893 859 mentionem
977 808 1124 857 esse
1192 789 1426 858 factam
1510 795 1931 876 reputaverit,
1978 794 2167 862 facile
2234 796 2343 862 ille
2414 797 2671 864 nomine
2740 794 2989 880 ἀρχέλας

494 902 666 968 vocis
717 900 896 972 ἀλλᾶς
959 923 1182 971 sonum
1245 907 1430 971 reddi
1487 907 1607 972 sibi
1671 908 2092 990 persuadebit
2108 908 2133 989 ;’
2192 908 2361 980 idem
2424 911 2595 976 enim
2640 911 2768 1007 ⁴hic
2812 911 2989 987 valet

494 1012 758 1096 ἀρχέλας,
829 1036 904 1081 ac
971 1019 1026 1082 si
1087 1018 1359 1084 dixisset
1417 1025 1611 1103 poeta
1677 1018 2027 1102 ἀρχ-αλλιὶς,
2096 1023 2234 1088 sive
2268 1024 2508 1089 'mavis
2568 1021 2987 1106 ἀλλαηάρχος.

493 1128 730 1194 Vertes
799 1129 1037 1212 igitur:
1138 1133 1346 1212 „Quid
1417 1134 1530 1202 tibi
1603 1154 1747 1200 cum
1816 1135 2195 1202 botulis?
2272 1135 2642 1220 Populos
2710 1155 2987 1220 regnare

492 1245 890 1311 mement01“
1773 1271 1780 1278 ·

701 1360 792 1424 Ac
865 1379 1174 1426 summam
1233 1361 1494 1444 quidem
1555 1363 1754 1428 totius
1817 1363 1942 1429 ioci
2003 1363 2129 1429 iam
2198 1365 2585 1433 scholiastae
2654 1365 3007 1454 viderunt..

494 1473 598 1540 Sic
661 1474 831 1540 enim
897 1511 976 1522 ——
1045 1494 1170 1556 qua
1225 1475 1313 1564 'de
1372 1495 1444 1541 re
1506 1476 1786 1541 celamur
1854 1477 1937 1543 ab
2005 1477 2105 1559 iis,
2170 1480 2287 1562 ·qui
2352 1485 2507 1545 ante
2568 1481 2983 1546 Duebnerum

455 1587 733 1654 .scholia
778 1587 1274 1670 Aristophanica
1319 1589 1665 1654 ediderunt
1707 1627 1793 1638 -—-
1838 1596 2103 1656 auctore
2134 1591 2435 1658 Bentleio
2479 1595 2547 1659 in
2592 1593 2788 1659 schol.
2838 1594 2979 1660 cod.

491 1704 649 1768 Ven.
684 1704 1063 1784 legendum:
1110 1701 1390 1784 ἀρχέλαςτ
1432 1699 1659 1786 Ἄρχων
1690 1709 1794 1766 τοῦ
1827 1706 1995 1766 λαοῦ.
2030 1679 2283 1785 vir—apocr,
2316 1705 2584 1789 ἔξαρχος,
2615 1705 2985 1786 δημαγωγός.

490 1815 692 1884 ἔπαιξε
759 1817 823 1876 δὲ
884 1820 969 1892 τῷ
1037 1814 1302 1896 ὀνόματι.
1374 1820 1528 1896 φησί
1581 1818 1691 1896 γὰρ
1749 1813 1947 1894 ἄρξεις
2009 1823 2116 1878 τοῦ
2178 1821 2357 1879 eloai.
2418 1820 2561 1903 (pro
2621 1825 2728 1882 τοῦ
2789 1822 2988 1901 λαοῦ.)

496 1931 674 2014 Quae
722 1931 1060 1997 verborum
1107 1931 1458 1998 similitudo
1506 1967 1586 1978 --
1635 1927 1941 2012 doz-mdc
1984 1932 2126 1998 dico
2152 1932 2259 2017 ·(v.
2306 1952 2363 1998 v.
2416 1931 2565 2018 152)
2615 1939 2685 1999 et
2738 1930 2988 2014 ἀρχέλας
3088 1981 3095 1996 ,

495 2081 564 2090 -
631 2061 1012 2137 quamquam
1073 2050 1178 2120 est
1221 2045 1491 2127 tantula,
1563 2064 1754 2126 quam
1799 2021 2033 2126 Magno
2082 2045 2379 2111 Bentleio
2448 2048 2513 2112 in
2578 2047 2981 2114 emendando

399 2183 406 2190 ·
494 2157 733 2224 scholio
781 2158 964 2239 sequi
1013 2158 1288 2238 licuerit,
1359 2163 1576 2224 tamen
1646 2178 1788 2224 cum
1836 2155 2019 2220 duae
2088 2163 2157 2224 et
2202 2157 2657 2238 ἀλλαντοπώλης
2722 2160 2989 2226 nomina,

487 2291 606 2352 per
652 2278 853 2337 totam
901 2272 1291 2338 comoediam
1337 2272 1660 2337 iactentur
1705 2272 2092 2352 sexcentieS,
2142 2273 2561 2354 Agoracritus
2607 2272 2717 2338 ille
2762 2279 2979 2340 atten-

491 2385 739 2452 tissimo
813 2388 1041 2468 cuique
1109 2386 1458 2468 spectatori
1538 2383 1835 2467 ἀρχαλλάς
1896 2387 2098 2467 magis
2176 2406 2365 2469 quam
2435 2384 2719 2467 ἀρχελεός.
2776 2387 2991 2455 videri

492 2499 772 2564 debebat
817 2505 1083 2565 vocatus
1133 2518 1298 2564 esse.

696 2614 754 2678 N
771 2634 813 2679 11
831 2614 889 2679 b.
937 2634 977 2680 v
1002 2633 1051 2678 s.
1100 2614 1203 2677 44.

696 2728 1108 2810 Strepsiades
1141 2735 1152 2748 '
1185 2726 1602 2794 Atheniensis
1671 2733 1937 2812 propter
2004 2747 2119 2794 aes
2196 2725 2495 2811 alienum,
2569 2729 2738 2813 quod
2804 2727 2986 2796 filins·

490 2841 822 2917 conflavit,
891 2841 1288 2924 gravissimis
1361 2843 1534 2908 curis
1601 2847 1875 2907 vexatus
1944 2841 2185 2908 frustra
2264 2847 2536 2908 conatur
2595 2843 2989 2910 obdormire}

494 2955 696 3034 Quem
744 2956 856 3021 ubi
916 2956 1375 3022 animadvertit
1442 2955 1566 3020 huc
1627 2955 1778 3021 illuc
1847 2956 1915 3020 in
1984 2955 2195 3022 lecto·
2226 2975 2299 3022 se
2366 2959 2756 3038 versantem,
2814 2976 2978 3040 quae

494 3089 686 3135 causa
733 3070 820 3134 sit
864 3070 1238 3150 insomniae,
1310 3069 1478 3134 filius
1543 3069 2038 3152 expergefactus
2068 3117 2075 3122 -
2108 3071 2488 3152 interrogat.
2560 3073 2653 3136 Ac
2709 3071 2982 3153 primum

489 3185 745 3267 quidem
793 3185 1065 3267 benigne
1113 3185 1242 3250 filio
1288 3203 1485 3250 senex
1529 3185 1883 3266 respondet
1926 3167 2270 3267 lepideque
2319 3203 2460 3250 cnm
2506 3184 2621 3250 illo
2655 3204 2693 3248 a
2726 3183 2983 3250 fenera·⁸
3036 3175 3041 3180 ⁵

489 3299 734 3365 toribus
813 3317 962 3364 sese
1033 3299 1232 3364 veluti
1305 3297 1638 3363 cimicibus
1707 3297 2022 3379 exagitari
2088 3299 2520 3380 conqueritur.
2594 3297 2752 3362 Tum
2824 3317 2985 3366 vero

488 3413 835 3494 pronubae,
885 3432 1050 3495 quae
1107 3411 1232 3476 fuit
1279 3411 1616 3493 quondam,
1682 3409 1851 3476 male
1897 3417 2201 3494 precatus
2262 3411 2367 3476 his
2429 3412 2649 3504 pergit
2693 3409 2981 3495 Strepsi·

491 3526 648 3591 ades
694 3526 758 3590 in
802 3545 896 3591 ·vs.
943 3526 1063 3590 43:

904 3641 1034 3715 ἐμοὶ
1078 3637 1187 3717 γὰρ
1232 3631 1302 3718 ἦν
1348 3610 1624 3718 ἅγροικοξ
1667 3631 1913 3718 ἥδιστος
1957 3641 2134 3719 βίος,“

904 3748 1210 3832 εὐρωτιῶν,
1255 3748 1663 3832 ἀκόρητος,
1704 3754 1829 3832 εἰκῇ
1875 3754 2134 3829 κείμενος
2157 3799 2173 3813 .
2207 3799 2221 3814 .
2257 3799 2274 3813 .-
2315 3751 2439 3812 κτλ.

493 3881 652 3949 quos
697 3866 1051 3933 versiculos
1098 3866 1194 3932 sic
1235 3866 1439 3932 vertit
1481 3865 1868 3948 Berglerus:
1924 3865 2085 3934 Mihi
2148 3863 2319 3931 enim
2364 3863 2611 3930 rustica
2654 3864 2789 3934 vita
2835 3869 2981 3930 eran

491 3979 888 4062 suavissima,
935 3979 1249 4063 squalida,
1297 3980 1638 4063 incompta,
1686 3981 2113 4061 neglegenter
2159 3978 2432 4043 abiecta.

700 4094 939 4173 Quodsi
986 4073 1130 4174 ille,
1164 4111 1330 4175 quae
1374 4093 1650 4159 voluerit
1693 4090 1993 4173 intellegi
2036 4096 2247 4173 poeta,
2296 4090 2635 4171 intellexit,
2676 4087 2986 4170 ἀκόρητος

491 4208 812 4273 adiectivo
857 4208 1209 4290 sordidum,
1245 4206 1629 4290 squalidum,
1662 4207 2000 4288 impurum,
2048 4205 2462 4285 immundum,
2496 4222 2729 4287 scopae
2761 4203 2983 4270 labore

489 4322 798 4387 intactum
832 4321 1238 4403 significavit.
1270 4321 1484 4402 Atque
1517 4325 1622 4384 est
1650 4316 1941 4402 profecto
1973 4319 2134 4384 haec
2164 4319 2678 4398 scholiastarum,
2718 4317 2978 4398 Suidae,

491 4436 822 4502 doctorum
868 4435 1146 4501 virorum
1195 4435 1469 4500 omnium
1523 4437 1869 4498 sententia.
1920 4432 2203 4510 Quorum
2252 4449 2641 4515 quamquam-
2698 4449 2821 4496 nec
2865 4451 2981 4515 po·-

491 4551 617 4616 tuit
660 4569 780 4618 nec
824 4550 1067 4634 poterit
1109 4568 1390 4630 unquam
1438 4547 1782 4628 effringere
1828 4539 2301 4626 auctoritatem,
2348 4551 2565 4610 utrum
2610 4545 2975 4629 Hesychius

490 4664 670 4732 verbi
716 4663 984 4728 alicuius
1030 4661 1398 4728 memoriam
1445 4662 1630 4726 nobis
1671 4658 2029 4742 prodiderit
2074 4677 2297 4738 necne,
2362 4678 2487 4726 non
2534 4663 2755 4724 tamen
2798 4659 2981 4724 :vitu-2

491 4780 745 4862 perabit
789 4779 1144 4861 quisquam,
1194 4777 1269 4857 si,
1317 4777 1482 4860 quod
1531 4775 1909 4840 vocabulum
1953 4772 2073 4838 hoc
2116 4791 2314 4838 sensu
2360 4772 2716 4838 adhibitum
2763 4777 2884 4837 est„
2908 4771 2981 4836 in

491 4894 689 4960 totius
738 4892 1132 4960 Graecitatis
1177 4890 1495 4957 versiculo
1540 4888 1738 4964 nullu,
1806 4905 1889 4952 ne
1954 4880 2025 4951 in
2058 4885 2377 4971 -Hesychii
2445 4885 2725 4969 quidem,
2768 4885 2978 4951 lexico

490 5007 680 5076 aliam
727 5025 916 5093 quam
962 5005 1132 5090 apud
1160 4980 1510 5070 Homerum
1540 5003 1780 5068 habere
1827 5001 2154 5078 notionem
2186 4997 2683 5066 meminerimus
2732 4996 2985 5074 Causas
