3609 5742
482 766 814 849 dispositis
863 767 1117 850 singula
1151 787 1445 852 quaeque
1479 771 1674 836 certis
1705 764 2085 853 quibusdam
2118 771 2573 837 delectantium
2605 775 2719 837 aut
2747 791 2963 838 rerum

479 884 592 945 aut
636 881 974 945 verborum
1019 882 1365 962 generibus
1411 901 1833 949 annumerare
1880 903 2072 967 posse
2120 884 2239 949 sibi
2288 885 2641 950 videantur.
2710 927 2732 952 x

686 992 822 1057 Nec
870 998 1085 1058 tamen
1134 992 1496 1074 defuerunt,
1561 996 1665 1078 qui
1730 996 1832 1060 vel
1901 997 2365 1079 antiquissimis
2427 997 2822 1079 temporibus
2885 999 2967 1062 ad

365 1103 371 1106 ’
479 1104 643 1169 hanc
687 1084 826 1169 rem
886 1107 1131 1172 animos
1187 1108 1624 1174 attenderent.
1687 1109 1779 1173 Ex
1845 1110 2074 1192 quibus
2134 1110 2246 1174 ille
2306 1111 2711 1193 praesertim,
2775 1129 2965 1193 quem

482 1223 1050 1285 commentatorem
1113 1221 1179 1285 in
1238 1222 1611 1288 Aristotelis
1669 1224 1749 1288 de
1814 1223 2074 1289 Poetica
2136 1227 2479 1287 tractatum
2543 1221 2746 1288 fuisse
2808 1223 2963 1289 Cra-

479 1347 694 1394 merus
740 1333 1010 1413 putavit,
1049 1333 1100 1414 1)
1156 1333 1328 1399 inter
1374 1353 1613 1415 omneS,
1679 1355 1848 1418 quos
1885 1336 2141 1418 quidem
2190 1335 2578 1401 Duebnerus
2639 1336 2706 1401 in
2751 1336 2963 1418 prole-

479 1443 766 1522 gomenis
812 1445 893 1509 ad
939 1445 1180 1511 scholia
1223 1427 1457 1528 graeca
1502 1448 1780 1538 collegit,
1846 1449 1976 1525 περὶ
2035 1451 2353 1528 κωμῳδίας
2397 1449 2768 1530 scriptoreS‚
2831 1468 2963 1514 ma-

480 1555 714 1620 ximum
758 1564 886 1626 τοῖς
931 1560 1176 1636 γελοίοις
1222 1543 1502 1625 studium
1547 1561 1919 1643 impertivit.
1996 1561 2269 1626 Schema
2316 1562 2483 1625 enim
2531 1561 2640 1626 ille
2686 1561 2960 1643 aliquod,

480 1674 554 1733 ut
583 1669 781 1751 aiunt,
831 1673 1202 1754 composuit,
1238 1693 1360 1756 quo
1393 1680 1642 1757 septem
1673 1693 1917 1756 genera
1942 1676 2112 1742 risus
2144 1672 2266 1736 ἀπὸ
2315 1680 2418 1755 τῆς
2463 1674 2690 1758 λέξεως,
2725 1678 2867 1740 octo
2902 1677 2962 1734 ἐκ

479 1786 595 1842 τῶν
638 1781 1002 1865 πραγμάτων
1047 1788 1397 1853 exorientis
1445 1787 1752 1854 distinkit.

689 1897 826 1962 Nec
874 1917 1026 1963 vero
1075 1900 1412 1982 quisquam
1458 1879 1713 1984 putabit
1757 1907 2047 1967 nostrum
2097 1921 2263 1983 esse,
2309 1908 2382 1967 ut
2426 1903 2508 1967 de
2547 1902 2647 1966 his
2696 1901 2961 1984 quinde-

483 2011 624 2091 cim,
674 2028 836 2094 quae
887 2011 1240 2078 Graeculus
1286 2014 1395 2078 ille
1443 2015 1796 2095 constituit,
1860 2023 1973 2080 aut
2017 2035 2230 2081 rerum
2276 2021 2390 2080 aut
2433 2014 2767 2080 verborum
2812 2013 2960 2078 ridi-

484 2125 768 2189 culorum
830 2125 1176 2206 generibus
1239 2129 1600 2193 accuratius
1662 2128 2099 2211 inquiramus3
2160 2150 2285 2195 non
2347 2131 2514 2194 enim
2582 2128 2964 2195 arbitramur

483 2235 642 2318 fore,
692 2237 801 2320 qui
847 2239 1100 2321 integra
1144 2241 1257 2305 illa
1300 2243 1650 2324 partitione
1683 2243 1748 2307 in
1781 2245 2156 2312 enarrandis
2188 2250 2418 2326 poe‘tae
2453 2243 2677 2308 comici
2707 2239 2961 2329 virtuti-

482 2351 602 2416 bus
674 2352 770 2416 uti
838 2352 1027 2433 velit;
1098 2359 1384 2419 attamen
1453 2356 1750 2420 dubitare
1820 2377 1944 2421 non
2004 2356 2177 2436 licet,
2258 2357 2408 2437 quin
2474 2355 2775 2438 primaria
2834 2353 2963 2434 illa,

484 2467 834 2531 secundum
881 2486 1068 2548 quam
1115 2467 1283 2532 risus
1332 2469 1537 2533 omnis
1584 2475 1695 2534 aut
1741 2471 1935 2534 rebus
1983 2469 2294 2534 debeatur
2340 2474 2451 2533 aut
2497 2468 2731 2547 verbiS,
2794 2467 2966 2532 iusta

485 2580 575 2644 sit
619 2580 865 2645 divisio.
1107 2580 1112 2585 ·
2940 2561 2953 2572 ‘
3002 2559 3007 2570 '

696 2693 835 2771 Qua
880 2712 952 2757 re
997 2712 1318 2777 perpensa
1363 2695 1418 2759 si
1466 2697 1629 2778 quiS,
1680 2715 1844 2777 quae
1890 2713 2086 2777 supra
2142 2694 2627 2758 memoravimus
2675 2699 2962 2757 veterum

490 2807 934 2890 Aristophanis
1003 2808 1431 2892 interpretum
1480 2811 1692 2888 verba,
1757 2808 2249 2890 perlustraverit
2309 2808 2539 2885 acriuS,
2603 2804 2795 2868 facile
2855 2804 2965 2869 ille

486 2921 697 2987 omnia
740 2921 876 2986 fere
924 2921 1003 2985 ad
1049 2922 1228 2986 lusus
1274 2923 1340 2986 ih
1388 2925 1598 2990 verbis
1646 2922 1799 2987 solis
1848 2939 2098 3004 quoquo
2128 2919 2312 2984 modo
2344 2919 2588 3000 positos
2635 2920 2966 3001 pertinere

484 3031 854 3114 intelleget3
900 3041 1047 3100 nam
1094 3055 1258 3118 quae
1299 3037 1592 3100 ridentur
1637 3035 1701 3098 in
1747 3036 1961 3113 rebus,
2010 3031 2241 3097 leviter
2288 3037 2356 3093 et
2398 3051 2624 3114 parum
2671 3037 2969 3096 accurate

487 3148 698 3212 solent
742 3150 1084 3230 attingere,
1133 3149 1226 3214 ita
1272 3155 1345 3215 ut
1376 3168 1501 3213 non
1533 3149 1870 3212 videantur
1905 3145 2119 3210 fuisse·
2146 3147 2374 3223 ignari,
2426 3151 2662 3226 quanto
2695 3145 2969 3209 maiores

486 3261 552 3325 in
598 3263 794 3327 rebus
841 3281 1026 3344 quam
1075 3265 1139 3327 in
1204 3264 1415 3328 verbis
1483 3261 1861 3344 quibusdam
1925 3258 2211 3324 ridiculis
2276 3258 2760 3324 denominandis
2804 3258 2967 3322 late-

486 3379 634 3439 rent
679 3373 1111 3440 difficultates
1163 3376 1332 3454 Quas
1365 3392 1445 3439 ne
1493 3372 1634 3455 quis
1681 3376 1869 3454 putet
1915 3372 2093 3435 vinci
2127 3390 2319 3453 posse
2353 3371 2574 3436 facile!
2621 3372 2780 3435 Nam
2830 3391 2970 3434 cum

488 3487 816 3570 Trygaeus
863 3488 1167 3552 cantharo
1214 3491 1436 3551 vectus
1485 3485 1730 3550 caelum
1776 3485 1963 3566 petit,
2012 3485 2182 3549 ridet
2229 3490 2405 3549 certe
2468 3491 2727 3549 caterva
2787 3483 2969 3548 thea-

489 3602 610 3666 tris
673 3602 944 3683 stipata3
1015 3602 1131 3666 hoc
1200 3602 1369 3663 enim
1440 3598 1644 3677 dulce,
1712 3597 1833 3660 hoc
1894 3597 2072 3660 melli
2133 3603 2267 3708 (ἱεῖς
2330 3600 2459 3660 sint
2502 3596 2790 3675 forsitan,
2863 3595 2971 3678 qui

490 3715 717 3796 sciant,
766 3715 915 3797 quid
963 3720 1031 3778 et
1077 3733 1187 3777 cur
1248 3712 1528 3791 rideant3
1590 3717 1822 3792 quotus
1870 3728 2021 3774 vero
2084 3711 2355 3792 quisque
2420 3717 2539 3786 est,
2604 3711 2712 3791 qui
2773 3709 2971 3774 totius

488 3829 605 3907 rei,
671 3846 858 3910 quam
921 3827 1105 3891 modo
1161 3826 1450 3890 ridentes
1512 3823 1909 3905 spectabant,
1973 3823 2098 3886 vim
2161 3823 2459 3886 comicam
2528 3821 2695 3887 intra
2760 3827 2972 3887 arctos

488 3941 675 4005 unius
723 3938 1013 4005 vocabuli
1057 3938 1300 4002 limites
1348 3942 1645 4002 coercere
1693 3941 1777 4013 et,
1829 3935 1996 4017 quod
2044 3942 2145 3999 est
2177 3936 2369 4000 etiam
2402 3937 2627 4015 maiuS,
2675 3939 2971 4010 accurate

492 4072 647 4120 voce
696 4051 964 4117 definire
1010 4055 1080 4114 et
1126 4048 1654 4114 circumscribere
1701 4049 1945 4130 queat?

698 4165 784 4228 Et
829 4165 894 4228 in
938 4163 1114 4226 hisce
1163 4161 1418 4244 quidem
1465 4161 1778 4242 angustiis
1825 4161 1890 4225 in
1953 4162 2123 4226 omni
2184 4179 2255 4226 re
2305 4161 2545 4227 comica
2610 4160 2972 4243 haeremus,

492 4294 703 4360 neque
785 4281 887 4341 est
960 4274 1120 4339 haec
1198 4271 1544 4338 difficultas
1617 4274 1698 4339 ad
1767 4274 1971 4340 solum
2038 4275 2535 4357 Aristophanem
2609 4272 2971 4344 referenda.

492 4391 824 4456 Accedunt
866 4390 931 4453 in
977 4390 1168 4453 rebus
1218 4388 1473 4454 comicis
1519 4395 1808 4454 veterum
1856 4389 2239 4472 scriptorum
2305 4388 2698 4471 explicandis
2774 4387 2974 4453 multa

496 4508 564 4567 et
607 4502 752 4585 alia,
815 4520 979 4583 quae
1025 4502 1392 4582 legentibus
1438 4503 1639 4586 nobis,
1702 4521 1828 4567 non
1879 4500 2321 4585 spectantibus
2385 4519 2685 4568 eorumve
2753 4504 2971 4565 aetate

497 4614 877 4696 viventibuS,
926 4599 1074 4680 non'
1097 4615 1274 4678 leves
1307 4615 1610 4696 quasdam
1643 4615 1972 4681 molestias
2004 4621 2255 4700 parant,
2303 4615 2418 4680 sed
2450 4614 2720 4679 maxima
2765 4611 2971 4677 faces-

2822 4707 2843 4738 *ι

608 4932 613 4937 ,
720 4878 755 4941 ¹)
793 4877 848 4928 in
889 4877 1074 4930 anecd.
1109 4875 1284 4932 Paris,
1339 4874 1456 4930 Vol.
1493 4876 1538 4932 l.
1572 4874 1706 4938 403;
1763 4874 1830 4928 cf.
1868 4874 2145 4934 Duebneri
2184 4873 2350 4928 schol.
2383 4889 2558 4946 graec.
2595 4873 2653 4930 in
2698 4869 2970 4947 Aristoph-

496 4981 620 5041 pag.
660 4962 847 5019 XXVI.
