3609 5742
1772 647 1861 714 42

787 821 978 903 Equ.
1025 838 1112 886 vs
1137 838 1188 886 s.
1241 819 1727 888 1131--1137.-

990 936 1148 1010 Χορ.
1245 927 1440 1015 χοῦτω
1484 932 1590 1014 μὲν
1633 930 1708 995 (ἓν
1752 928 1817 994 εὖ
1863 942 2077 1010 ποιοῖς,

1243 1042 1301 1105 εἴ
1337 1067 1435 1106 σοι
1479 1045 1874 1128 πυκνότης
1920 1047 2100 1109 ἔνεστ’

1244 1161 1302 1218 ἐν
1343 1164 1426 1235 τῷ
1474 1155 1698 1239 τρόπῳ,
1731 1143 1827 1231 ’ὥς
1870 1161 2062 1242 λέγεις,

1239 1270 1430 1350 τούτῳ
1476 1271 1629 1335 πάνυ
1673 1273 1883 1355 πολλή,

1242 1389 1292 1446 εἱ
1334 1384 1544 1448 τούσδ’
1597 1390 1867 1468 ἐπίτηδες
1912 1382 2017 1457 ὥς·
2096 1443 2099 1448 .

1245 1522 1353 1578 περ
1400 1503 1724 1580 δημοσίους
1769 1502 1999 1581 τρέφεις

1247 1617 1304 1674 ἐν
1349 1617 1422 1694 τῇ
1468 1616 1711 1675 πυκνί.
1750 1665 1763 1675 .
2053 1596 2062 1605 ·
2760 1693 2765 1698 .

783 1721 1097 1807 Numquis
1175 1745 1454 1810 unquam
1513 1725 1710 1792 talem
1771 1729 2163 1794 sententiam
2236 1747 2308 1794 se
2367 1727 2585 1820 legere
2643 1729 2932 1794 meminit
2992 1734 3061 1794 et

576 1836 745 1918 apud
792 1854 937 1902 eum
983 1838 1500 1922 Aristophanem,
1549 1840 1656 1921 qui
1702 1839 1973 1907 aliorum
2004 1847 2335 1924 poetarum
2385 1838 2878 1920 ἱμονιοστροφικὰ
2924 1843 3065 1922 μέλη

576 1947 788 2018 facete
831 1950 1160 2019 irriserit?
1204 1951 1304 2018 Ne
1350 1951 1510 2035 quis·
1539 1969 1694 2017 vero
1742 1953 2088 2036 quidquam
2120 1953 2494 2020 mutandum
2540 1971 2690 2020 esse
2734 1959 2923 2037 putet
2967 1955 3067 2020 his

575 2063 643 2129 in
687 2065 1008 2132 versibus!
1061 2065 1203 2131 Non
1249 2085 1408 2149 opus
1455 2072 1559 2130 est
1601 2067 1900 2148 Bergleri
1946 2066 2078 2152 (καί
2118 2067 2242 2153 σοι)
2289 2085 2501 2151 neque
2547 2069 2831 2134 Dobraei
2884 2063 3069 2152 (οὕτω

575 2177 642 2242 in
687 2198 784 2256 νει,
859 2178 1051 2263 1134)
1121 2179 1530 2260 coniectum,
1580 2181 1635 2244 si
1681 2181 1889 2260 modo,
1940 2199 2053 2245 cur
2082 2181 2241 2246 haec
2274 2183 2471 2247 verba
2503 2181 2595 2246 ita
2630 2180 3065 2264 composuerit

578 2295 792 2373 poeta,
838 2291 1261 2357 intellexeris.
1319 2293 1558 2358 Lusum
1605 2294 1824 2359 inesse
1873 2296 2037 2360 scito
2098 2295 2199 2359 his
2244 2295 2311 2359 in
2356 2296 2672 2376 versibuS,
2741 2295 3066 2378 lepidissi-

579 2421 748 2470 mum
793 2405 1036 2470 lusum!
1085 2405 1213 2471 Gur
1258 2407 1425 2478 enim
1471 2404 1765 2486 πυκνότης
1811 2407 1973 2472 dixit
2017 2401 2242 2490 poeta‚'
2278 2427 2391 2472 cur
2435 2409 2632 2473 alium
2664 2407 2849 2474 finxit
2893 2408 3068 2474 vocis

581 2535 841 2586 sensum
859 2568 876 2600 ,
939 2519 1004 2583 in
1065 2527 1256 2601 quem
1317 2507 1505 2586 nenio
1565 2521 1817 2595 incidit,
1882 2521 2137 2585 etiamsi
2201 2521 2451 2585 centies
2498 2519 2763 2588 Homeri
2829 2518 3070 2589 πυκινὰς

491 2617 494 2620 ’
580 2631 796 2710 φρένας
840 2649 1003 2715 puer
1045 2632 1396 2698 didicerit?
1461 2635 1630 2700 Num
1689 2630 1859 2700 forte
1916 2635 2108 2699 metri
2170 2633 2485 2716 angustiis
2548 2633 3068 2716 elegantissimus

579 2750 774 2828 poeta
831 2747 1297 2828 premebatur?
1359 2748 1456 2812 An
1517 2753 1622 2812 est
1683 2749 1899 2826 locuS‚
1964 2748 2029 2812 in
2092 2767 2215 2838 quo
2278 2744 2569 2826 πυκνότης
2628 2747 3065 2829 prudentiam,

581 2859 1002 2940 sagacitatem
1023 2908 1038 2938 ‚
1102 2877 1321 2924 sanam
1385 2865 1666 2924 mentem
1730 2860 2101 2942 significet?
2176 2861 2318 2926 Non
2379 2861 2704 2942 reperitur
2763 2859 3067 2942 usquam!

580 2971 820 3036 Vatum
863 2967 970 3048 τὴν
1014 2967 1352 3049 πυκνότητα
1392 2976 1502 3032 τοῦ
1534 2969 1754 3050 Λνῖμου
1779 2973 2133 3055 praedicat,
2184 2967 2279 3034 ὅτι
2322 2977 2383 3034 ἐν
2426 2978 2513 3053 τῆ
2560 2975 2777 3033 πυκνὶ
2822 2970 3071 3042 τούτους

580 3081 721 3153 τούς
784 3085 1107 3162 δημοσίους
1165 3085 1378 3162 τρέφει.
1446 3085 1628 3163 Quod
1675 3086 2147 3172 substantivum
2196 3092 2269 3151 ut
2316 3087 2672 3169 explicaret
2732 3091 2800 3151 et
2861 3087 3069 3150 iocum

578 3197 1021 3282 spectantibus
1069 3198 1562 3278 commendaret,
1611 3199 1883 3264 alteram
1929 3199 2103 3264 illam
2153 3199 2643 3266 conditionalem
2678 3202 3070 3266 sententiam
3174 3193 3187 3210 ‘

579 3310 779 3394 priori
809 3309 1116 3390 adiunxit,
1154 3315 1203 3370 εἰ
1233 3306 1440 3371 τούσδ’
1475 3314 1742 3390 ἐπίτηδες
1773 3307 1965 3389 ὥςπερ
2012 3315 2349 3392 δημοσίους
2387 3316 2444 3372 ἐν
2488 3318 2561 3394 τῇ
2608 3314 2778 3373 πυκνὶ
2822 3314 3068 3392 τρέφεις.

579 3425 857 3508 (Oppido
901 3442 976 3490 es
1020 3423 1218 3504 vafer,
1267 3424 1322 3490 si
1368 3426 1435 3490 in
1480 3427 1713 3508 oppido
1760 3426 1882 3491 tibi
1926 3425 2047 3492 alis
2085 3480 2100 3495 .
2174 3478 2187 3492 .
2262 3477 2276 3492 .
2311 3427 2357 3510 ).

787 3536 984 3620 Equ.
1031 3535 1342 3632 vs.0164.

579 3648 1074 3731 Ἀλλαντοπώλης.
1162 3653 1226 3710 τί
1263 3648 1346 3731 μ’,
1393 3646 1610 3732 ὦγάθ’,
1659 3649 1729 3712 οὐ
1777 3651 2008 3714 πλύνειν
2055 3656 2154 3730 ε’ᾇς
2197 3651 2304 3723 τὰς
2347 3655 2571 3722 κοιλίας

1165 3764 1371 3823 πωλεῖν
1420 3784 1482 3824 τε
1526 3764 1668 3832 τούς
1713 3763 2022 3838 ἀλλᾶντας,
2070 3763 2219 3828 ἀλλὰ
2264 3769 2582 3847 καταγελᾷς
2592 3787 2614 3842 ‚·

583 3877 1132 3958 Δημοσθένης.
1179 3869 1227 3936 οἶ
1274 3881 1456 3956 μῶρε,
1501 3881 1678 3949 ποίας
1722 3882 1977 3961 κοιλιάς;
2028 3881 2187 3958 δευρὶ
2232 3882 2429 3960 βλέπε.

1171 3989 1276 4060 τὰς
1306 3996 1510 4074 στίχας
1535 3994 1686 4070 ὁρᾷς
1713 3991 1825 4062 τὰς,
1850 3997 2036 4054 τῶνδε
2065 3998 2183 4055 τῶν
2212 3997 2406 4068 stasim
2451 3990 2893 4056 Ἀλλαντοπ.
2931 3993 3073 4072 ὁρῶ.

581 4105 976 4186 (Midian-VS.
1003 4103 1408 4170 1643τούτων
1453 4103 1730 4166 ἁπάντων
1777 4103 1961 4176 αὐτὸς
2006 4105 2097 4182 ἀρ
2122 4108 2204 4188 χέ
2217 4108 2249 4166 λ
2266 4129 2349 4202 οἱς
2394 4103 2513 4168 ἔσει
2557 4108 2675 4168 κτλ.

785 4220 994 4294 Erant
1017 4221 1126 4302 qui
1157 4219 1649 4303 Aristophanem
1681 4220 1800 4286 hac
1823 4221 2039 4286 dorica
2070 4241 2225 4288 voce
2260 4219 2511 4302 ἀρχέλας
2541 4219 2815 4302 tragicos
2846 4203 3073 4301 poetas
3122 4243 3126 4245 ·

581 4335 866 4405 irrisisse
889 4334 1356 4416 perspicerent,
1411 4351 1792 4416 quamquam
1823 4353 2017 4400 unum
2032 4333 2612 4402 Bothium‘etiamsi
2642 4331 3073 4397 haesitantem

585 4452 814 4530 aperte
863 4446 1082 4512 dicere
1138 4446 1432 4512 memini:
1494 4449 1963 4524 παρατραγῳδεῒ.
2026 4450 2221 4530 Atqui
2280 4446 2401 4512 hac
2460 4447 2541 4511 de
2602 4464 2673 4512 re
2734 4465 2861 4510 non
2924 4449 3073 4510 erat

581 4561 1019 4631 dubitandum.
1085 4560 1244 4638 Quis
1306 4559 1492 4626 enim·
1539 4565 1662 4641 est,
1725 4561 1841 4642 qui
1899 4566 2125 4626 teneat
2167 4561 2389 4640 risum,
2454 4578 2597 4624 cum
2657 4563 2791 4624 tam
2849 4556 3065 4622 nobile

580 4692 810 4744 nomen
855 4672 1317 4755 ignobilissimo
1362 4673 1865 4756 turpissimeque
1913 4674 2151 4739 homini
2210 4673 2483 4738 inditum
2529 4671 2903 4738 audiverit?
2940 4669 3070 4734 Est

582 4807 736 4857 vero
779 4787 883 4853 hic
927 4787 1288 4858 versiculus
1329 4787 1474 4854 aliis
1521 4788 1717 4852 etiam
1763 4785 2023 4854 facetiis
2069 4794 2391 4870 tamquam
2458 4785 2727 4867 gemmis
2789 4787 3073 4886 ornatus.

584 4901 762 4998 Nam·
789 4901 849 4968 si
894 4902 1036 4984 quis
1082 4900 1586 4968 Demosthenem
1633 4919 1774 4966 cum
1842 4900 2143 4980 isiciario3
2208 4901 2309 4966 cui
2368 4898 2825 4976 ἀλλαντοπώλης
2852 4965 2857 4972 ,
2884 4909 3079 4996 gr'fe‘·

586 5033 729 5092 cum
773 5019 879 5082 est
922 5033 1177 5099 nomen,
1241 5013 1519 5099 colloqui
1579 5018 1648 5079 et
1706 5015 1833 5080 iam
1882 5031 2072 5082 versu
2140 5012 2273 5078 162.
2328 5014 2653 5082 isiciorum
2724 5007 3071 5100 (ἀλλᾶντας)
