3609 5742
1692 552 1771 616 21

488 729 568 794 ab
614 727 869 810 incepto
914 746 1057 794 meo
1103 734 1379 808 avertar,
1428 733 1498 792 ut
1545 747 1656 793 eas
1703 730 1877 810 ipsas
1924 721 2251 810 praesidio
2321 729 2481 806 mihi
2544 725 2683 796 fore
2729 736 2973 813 putem,

488 842 542 906 si
590 841 762 923 quid,
810 844 884 904 ut
927 841 1106 905 aiunt
1174 860 1297 906 non
1366 839 1646 920 inficete‚
1717 842 2100 924 incomptius
2164 861 2351 924 quam
2412 843 2629 908 verius
2684 843 2973 926 disputa-

484 973 655 1020 vero.
781 953 998 1018 Facile
1057 954 1260 1033 enim,
1339 955 1393 1019 si
1480 954 1631 1037 quid
1719 955 2087 1038 deliquero,
2166 955 2219 1020 'a
2311 955 2445 1020 VV.
2517 955 2652 1021 DD.
2724 957 2974 1022 veniam

487 1063 876 1150 impetrab0.'

1672 1192 1758 1291 11.

689 1380 951 1466 Iamiam
1019 1381 1222 1462 igitur
1285 1382 1366 1447 ad
1436 1400 1546 1446 eos
1609 1381 2059 1464 Aristophanis
2129 1382 2302 1448 iocos
2372 1381 2751 1449 accedamus
2773 1435 2787 1464 ‚
2860 1383 2968 1467 qui

375 1499 386 1512 ⁸
485 1496 761 1579 simplici
826 1496 937 1562 illa
981 1497 1169 1562 unius
1217 1496 1388 1562 vocis
1435 1496 1856 1578 ambiguitate
1905 1496 2318 1577 explicantur.
2415 1497 2975 1579 Ac‘praestantis-

409 1587 422 1592 ’
484 1611 627 1674 simi
675 1609 933 1691 quidem
981 1611 1166 1675 huius
1211 1611 1469 1691 generis
1515 1610 1637 1674 ioci
1684 1610 1732 1674 ii
1775 1615 1949 1686 sunt,
2015 1611 2079 1675 in
2141 1610 2371 1695 quibus
2436 1593 2629 1675 unum
2676 1610 2976 1693 idemque

484 1723 857 1789 vocabulum
891 1723 1125 1806 duplici
1171 1742 1365 1790 sensu
1397 1723 1756 1790 adhibitum
1805 1729 1926 1789 est.
1976 1723 2155 1802 Quae
2203 1717 2354 1789 sun't
2398 1724 2463 1788 in
2510 1724 2977 1789 Acharneu-

485 1837 691 1901 Sium
737 1853 864 1902 VSS.
923 1837 1042 1900 178
1075 1833 1359 1910 σπονδὰς,
1405 1836 1534 1900 435
1580 1829 1626 1896 ὦ
1657 1839 1772 1932 Ζεῦ
1822 1834 2042 1896 διόπτα
2074 1837 2171 1896 καὶ
2200 1835 2489 1910 κατόπτα,
2536 1833 2665 1899 592
2710 1831 2978 1911 εὔοπλος,

486 1948 608 2012 641
657 1947 943 2026 λιπαρᾶς,
1017 1949 1140 2014 759
1187 1953 1618 2029 πολυτίματος,
1682 1949 1801 2013 801
1874 1951 2240 2030 ἐρεβίνθους,
2305 1951 2369 2015 in
2417 1949 2807 2033 Equitum
2853 1967 2980 2015 VSS.

487 2062 614 2126 124
659 2065 858 2138 πολλῷ
915 2067 1125 2144 ἐχρῆτο
1190 2069 1274 2140 τῷ
1336 2067 1632 2142 ποτηρίῳ,
1697 2063 1817 2126 361
1884 2061 2191 2143 λάβρακας
2251 2061 2611 2140 καταφαγών
2657 2065 2982 2142 Μιλησίους

483 2176 814 2255 κλονήσεις,
889 2177 1017 2242 469
1065 2179 1158 2238 ἐπὶ
1203 2165 1330 2246 τοῒς
1376 2179 1707 2256 δεδεμένοις
1765 2175 2101 2259 χαλκεύεται
2126 2221 2143 2250 ,
2220 2177 2348 2240 815
2396 2175 2729 2258 ἀριστώσῃ,
2812 2177 2980 2244 1304

485 2286 700 2368 ὀξίνην,
762 2291 828 2354 in
871 2291 1229 2356 Nubium
1274 2309 1401 2356 VSS.
1450 2291 1580 2355 260
1625 2289 1913 2370 παιπάλη,
1972 2291 2103 2356 479
2149 2288 2431 2370 μηχανὰς,
2493 2289 2621 2354 545
2671 2275 2738 2351 ού
2786 2296 2972 2369 κομῶ,

481 2402 608 2466 639
655 2405 786 2480 περὶ
829 2406 944 2462 τῶν
988 2404 1256 2482 μέτρων,’
1310 2405 1471 2470 1057
1537 2401 1852 2484 ἄγορητής,
1926 2403 2093 2468 1496
2140 2405 2732 2488 διαλεπτολογοῦμαι,
2808 2403 2972 2468 1507

484 2513 682 2593 ἕδραν,
727 2517 793 2580 iu
840 2519 1298 2600 Vesparum
1343 2494 1469 2582 uss.
1539 2517 1660 2581 189
1706 2521 2009 2596 κλητῆρος,
2076 2516 2193 2581 191
2246 2519 2379 2592 περὶ
2424 2513 2564 2578 ὄνου
2612 2521 2799 2591 σκιᾶς,
2853 2517 2975 2582 194

477 2627 755 2708 ἄριστον,
826 2632 952 2696 392
1014 2633 1179 2708 παρὰ
1237 2630 1344 2693 τὸν
1403 2630 1658 2692 κλάοντα
1716 2635 2042 2712 καθῆσθαι
2118 2632 2194 2717 (Ι.
2242 2632 2535 2699 Richteri
2580 2631 2823 2715 proleg.
2894 2632 2974 2696 ad

478 2747 672 2829 VeSp.
719 2767 778 2829 p.
833 2746 1002 2833 141),
1050 2745 1180 2812 573
1225 2749 1550 2829 χοιριδίοις,
1598 2747 1725 2812 680
1773 2745 2130 2829 Εὐχαρίδου,
2179 2746 2306 2810 918
2355 2742 2611 2823 θερμὸς,
2684 2743 2809 2808 961
2860 2743 2976 2804 ε’νέ-

475 2859 652 2940 γραφ’
700 2861 837 2938 ύμῖν
879 2860 984 2922 τὸν
1027 2859 1221 2941 λόγον,
1277 2861 1442 2924 1310
1488 2865 1743 2941 κλητῆρι,
1776 2834 1964 2924 ’1343
1997 2861 2275 2941 σχοινίου,
2331 2835 2495 2923 1356
2541 2858 2752 2935 ύΐδιον,
2808 2858 2977 2924 1365

479 2979 686 3056 σοροῦ,
734 2974 900 3040 1489
947 2973 1298 3054 σφόνδυλος,
1354 2974 1516 3038 1513
1552 2972 1818 3055 ὀρχίλων,
1872 2973 2036 3037 1532
2082 2971 2399 3055 τριόρχαις,
2445 2973 2511 3038 in
2555 2973 2797 3068 Facit-S
2846 2991 2973 3040 VSS.

478 3090 562 3153 42
608 3085 992 3167 καταιβάτου,
1038 3090 1122 3152 48
1170 3091 1470 3168 σπατίλην,
1543 3088 1660 3152 142
1705 3085 2014 3168 πηδάλιον,
2082 3086 2421 3153 143--145
2468 3069 2794 3162 κάνθαρος,
2846 3087 2974 3152 369

482 3206 869 3285 ἐπιτέτριψαι,
941 3195 1064 3267 678
1114 3201 1576 3284 ἀποβολιμαῖος,
1648 3203 1773 3268 713
1822 3205 2077 3262 κυκεῶνα
2122 3203 2472 3283 βληχωνίαν,
2523 3199 2648 3264 716
2696 3199 2977 3280 ῥοφήσεις

482 3315 702 3398 ζωμὸν,
771 3315 898 3380 855
943 3318 1170 3398 λείχειν,
1236 3315 1363 3380 874
1411 3319 1724 3393 ἐπαίομεν,
1797 3315 1923 3379 879
1972 3321 2051 3385 εἰς
2086 3310 2360 3394 Ἴσθμια,
2430 3313 2557 3379 885
2606 3311 2711 3375 τὸν
2757 3309 2977 3390 ζωμόν,

483 3431 612 3496 890
660 3429 994 3511 ἀνάρρυσιν,
1043 3429 1389 3494 894-904
1429 3427 1634 3509 ,ἀγῶνα
1678 3432 1828 3503 κτλ.,
1891 3429 2315 3494 1136-1137
2364 3423 2703 3503 κοξνθρακίζ
2706 3449 2787 3488 ων
2832 3425 2973 3505 κτλ.,

486 3545 648 3610 1271
700 3546 1075 3624 ὁπλοτέρους,
1150 3545 1314 3610 1278
1364 3541 1806 3624 ὀμφαλοέσσας,
1882 3543 2048 3607 1284
2094 3541 2431 3618 ἐκόρεσθεν,
2506 3541 2675 3605 1286
2723 3539 2973 3620 θωρήσ-

425 3639 432 3644 ’
487 3656 677 3732 σοντ’,
748 3659 914 3723 1346
961 3661 1446 3739 συκολογοῦντες,
1521 3657 1692 3746 1350
1737 3648 1949 3730 σῦκον,
2018 3658 2083 3721 in
2131 3658 2411 3722 Avium
2472 3674 2598 3723 vSS.
2652 3655 2770 3717 167
2836 3651 2975 3724 τούς

484 3795 872 3852 πετομενους,
943 3773 1070 3836 278
1133 3768 1320 3850 λόφον
1366 3763 1750 3849 κατειληφώς,
1816 3769 1945 3833 434
1991 3768 2428 3847 ἀνεπτέρωμαι,
2500 3769 2626 3834 765
2673 3757 2975 3840 Ιπάππους,

488 3885 652 3949 1106
697 3887 949 3967 γλαῦκες,
1027 3887 1191 3949 1110
1235 3883 1442 3965 ἀετόν,
1525 3884 1683 3946 1214
1731 3875 2061 3963 σύμβολον,
2128 3883 2293 3947 1474
2338 3884 2600 3960 καρδίας,
2646 3881 2712 3946 in
2758 3881 2976 3964 Lysi-

485 4006 811 4066 stratae
858 4021 983 4066 VSS.
1063 4001 1133 4063 17
1207 3998 1556 4080 ἐκύπτασεν,
1627 3999 1712 4061 60
1758 3995 2030 4076 κελήτων,
2093 3997 2176 4061 88
2238 3993 2307 4056 τό
2372 3998 2595 4069 πεδίον,
2672 3994 2789 4058 158
2836 3991 2983 4055 κύνα

484 4116 688 4193 δέρειν,
740 4115 852 4178 191
906 4110 1108 4175 λευκόν
1155 4112 1350 4188 ἵππον,
1397 4113 1530 4177 410
1575 4119 1642 4176 et
1685 4113 1817 4177 413
1862 4111 1897 4191 ἡ
1936 4111 2212 4192 βάλανος,
2259 4109 2604 4175 417--419
2650 4105 2719 4168 τό
2768 4109 2980 4167 δακτυ-

476 4232 664 4290 λίδιον
693 4232 833 4303 κτλ.,
882 4229 1006 4294 677
1041 4225 1457 4300 ἱππικώτατον,
1507 4227 1632 4291 736
1657 4221 1904 4297 ἄλοπον,
1938 4225 2065 4290 739
2096 4221 2473 4304 ἁποδείρασ’,
2525 4222 2653 4288 772
2682 4221 2981 4304 ὑπέρτερα

481 4343 739 4424 νέρτερα,
763 4345 890 4408 953
916 4339 1289 4419 ἀποδει’ρασ’,
1314 4341 1442 4406 956
1459 4337 1951 4420 παιδοτροφήσω,
1983 4338 2146 4404 1162
2170 4333 2541 4416 τὀύγκυκλον,
2576 4332 2737 4399 1163
2757 4333 2979 4409 Πύλον,

488 4455 776 4524 1169τὸν
795 4454 1124 4540 Ἐχινοῦντα
1149 4458 1244 4515 καὶ
1275 4453 1380 4514 τόν
1403 4457 1623 4534 Μηλιᾶ,
1649 4454 1815 4516 1170
1836 4451 1910 4513 τά
1938 4448 2239 4533 Μεγαρικὰ
2266 4452 2455 4529 σκέλη,
2482 4452 2547 4515 in
2572 4447 2683 4514 Ra
2700 4469 2739 4513 n
2758 4465 2901 4514 aru
2918 4465 2980 4512 m

413 4570 425 4581 ’
483 4594 610 4642 vss.
662 4568 766 4659 [27
802 4569 941 4640 ὄνος
976 4573 1136 4651 φέρει
1182 4571 1276 4636 sic
1305 4565 1745 4653 Fritzschius]‚
1791 4566 1877 4630 48
1926 4561 2304 4646 ἐπεβάτευον,
2359 4565 2472 4628 121
2512 4561 2633 4624 ἀπὸ
2686 4543 2840 4622 κάλω
2886 4562 2983 4621 καὶ

482 4689 758 4766 θρανίου,
811 4685 934 4748 123
983 4681 1279 4762 πνιγηρὰν,
1335 4681 1496 4746 1308
1531 4679 1869 4761 ἐλεσβίαζεν
1904 4681 2078 4765 (Vide
2111 4679 2337 4747 Kockii
2370 4676 2526 4759 ed),
2582 4675 2747 4740 1394
2792 4671 2980 4756 βαρύ-

484 4823 678 4874 τατον,
732 4801 896 4863 1396
943 4795 1348 4875 κουφότατον,
1414 4797 1477 4860 in
1526 4791 2586 4876 Thesmophoriazusarum
2655 4807 2779 4854 vss.
2852 4784 2981 4852 232

481 4911 678 5000 ψιλὸς,
755 4913 882 4978 263
927 4909 1155 4996 χαλαρὰ
1216 4913 1357 4986 κτλ.,
1427 4909 1551 4974 291
1601 4905 1752 4986 πρὸς
1800 4907 2074 4987 θάληκον
2124 4903 2226 4993 [cf.
2273 4905 2324 4970 I.
2366 4903 2573 4970 Bekk.
2628 4900 2776 4992 ed.]‚
2849 4899 2981 4970 ‘160
