3609 5742
1710 531 1794 599 33

511 723 670 770 muS.
740 707 835 772 Re
881 725 1037 771 vera
1083 707 1252 772 enim
1312 708 1473 774 haec
1533 728 1985 792 nonnunquam
2048 711 2220 774 inter
2291 725 2485 772 senes
2540 713 2609 771 et
2666 711 3009 788 attagenes

510 819 858 885 intercedit
901 820 1284 888 similitudo..
1316 823 1541 904 Neque
1587 821 1804 888 tamen
1852 843 1929 888 eo
1980 825 2187 904 magis
2250 821 2553 903 cogimur,
2616 826 2689 885 ut
2734 819 3000 885 Homeri

508 933 663 996 illud
723 927 874 994 ἅττα
918 936 1111 1012 γεραιέ
1149 935 1216 998 in
1262 941 1544 1000 mentem
1588 925 1986 1017 revocemuS,
2042 935 2430 1018 praesertim
2486 951 2643 1009 cum,
2706 932 2762 997 si
2826 937 3007 996 esset

509 1045 612 1110 hic
659 1031 996 1112 verborum
1043 1048 1248 1127 lusuS,
1317 1066 1445 1112 non
1492 1067 1610 1114 vox
1656 1045 1827 1130 ἄττα,
1876 1031 2063 1138 *quae
2130 1067 2257 1112 non
2319 1047 2596 1111 habetur
2662 1044 2783 1110 hoc
2848 1045 3007 1128 loco,

510 1161 626 1224 sed
672 1179 792 1224 vox
836 1159 1092 1243 ἀτταγᾶς
1119 1160 1391 1225 ridicula·
1420 1162 1826 1241 redderetur,
1876 1181 2017 1226 cum
2049 1167 2285 1242 tamen,
2335 1160 2390 1225 si
2420 1159 2733 1224 voluisset
2774 1159 3001 1227 ludere

508 1280 720 1356 poeta,
767 1294 892 1340 non
939 1279 1302 1357 attagenes·,
1351 1277 1467 1341 sed
1513 1294 1708 1341 senes
1753 1275 1989 1340 fuisset
2048 1275 2377 1338 illusuruS.

716 1389 1006 1454 Tertium
1050 1389 1279 1453 addam
1327 1406 1363 1452 e
1411 1389 1646 1472 Vespis
1692 1389 1903 1454 locum
1948 1409 1987 1456 a
2030 1405 2223 1455 versu
2269 1385 2395 1450 358
2422 1415 2427 1422 ·
2455 1403 2661 1468 usque
2724 1385 2807 1449 ad
2852 1383 2999 1463 364,

511 1519 670 1584 quos
718 1503 1042 1568 Philocleo
1104 1503 1444 1592 recita'vit:
1479 1543 1484 1550 ·

818 1613 1070 1712 κούδείς·
1095 1614 1156 1695 μ’
1207 1613 1480 1695 ἐφύλαττ’
1533 1615 1655 1678 ἀλλ’
1707 1616 1845 1698 ἐξῆν
1889 1641 1993 1696 μοι

821 1727 1047 1810 φεύγειν
1093 1728 1302 1800 ἀδεῶς.
1349 1735 1450 1792 νῦν
1497 1731 1565 1791 δὲ
1611 1728 1726 1804 ξὺν·
1761 1725 1969 1801 ὅπλοις

509 1843 638 1907 360
825 1839 1036 1923 ἄνδρες
1081 1846 1319 1908 ὁπλῖται
1365 1845 1788 1926 διαταξάμενοι

817 1957 969 2020 κατὰ
1011 1955 1121 2029 τὰς
1164 1959 1407 2030 διόδους
1452 1967 1942 2039 σκοπιωροῦνται,

816 2076 933 2132 τῶν
977 2073 1044 2133 δὲ
1090 2072 1193 2135 δύ’
1242 2073 1434 2135 αὐτῶν
1481 2077 1576 2136 ἐπὶ
1620 2082 1782 2137 ταῖσι
1827 2074 2050 2154 θύραις

822 2179 1012 2265 ὥςπερ
1057 2211 1128 2267 με
1173 2191 1353 2270 γαλῆν
1400 2191 1541 2267 κρέα
1585 2191 1894 2270 κλέψασαν

510 2296 638 2360 364
823 2305 1100 2378 τηροῦσιν
1145 2299 1330 2384 ἔχοντ’
1378 2300 1744 2382 ὀβελίσκους.
2132 2365 2137 2372 ,

718 2412 944 2478 Denuo
989 2414 1042 2478 Ι.
1085 2414 1376 2480 Richteri
1425 2417 1775 2482 editionem
1822 2415 2067 2495 evolve,
2114 2415 2181 2478 in
2224 2434 2351 2497 qua
2378 2415 2541 2480 haec
2579 2416 2901 2482 habentur
2930 2416 3015 2484 ad

509 2543 604 2591 VS.
654 2524 786 2590 364
813 2547 854 2590 ε·
880 2528 1114 2607 „Ludit
1159 2529 1398 2595 Noster
1445 2530 1663 2596 verbis
1711 2527 2059 2609 ὀβελίσκους
2104 2535 2176 2594 et
2221 2527 2459 2590 ὁπλῖται
2500 2548 2557 2593 V.
2630 2525 2799 2608 360,
2840 2529 3013 2612 quod

510 2656 732 2704 servos
784 2659 984 2706 verua
1043 2649 1380 2723 gestantes
1425 2644 1698 2708 honesto
1731 2642 2008 2708 militum
2038 2642 2294 2708 nomine
2328 2641 2669 2724 appellat.“
2720 2641 3023 2714 Fallitur.·

513 2754 755 2835 opinor,
803 2756 900 2819 vir
944 2774 1101 2837 prae
1152 2758 1392 2821 ceteris
1437 2762 1686 2823 acutus,
1741 2757 1905 2822 Nam
1952 2756 2009 2820 si
2055 2761 2237 2821 esset
2280 2754 2384 2820 hic
2444 2754 2788 2821 verborum
2832 2755 3011 2820 lusus

489 2868 743 2927 ,ὁπλῖται
789 2905 869 2915 -
917 2867 1276 2948 ὀβελίσκους,
1318 2868 1558 2930 ὁπλῖται
1589 2889 1821 2935 nomen
1854 2869 2315 2951 explicavisset
2343 2875 2557 2953 poeta,
2590 2887 2665 2932 ac
2698 2869 2753 2933 si
2786 2873 3011 2938 essent

509 2977 833 3059 ,ὁβελῖται’.
913 2983 1138 3064 Neque
1209 2988 1424 3048 tamen
1508 2984 1669 3049 haec
1752 2979 1926 3050 inter
1994 3002 2183 3051 voces
2258 2982 2495 3042 ὁπλῖται
2571 2988 2639 3047 et
2707 2979 3007 3062 ὀβελίσκοι

508 3095 857 3160 similitudo
905 3100 1086 3162 tanta
1132 3102 1253 3190 est,
1300 3102 1372 3160 ut
1420 3097 1587 3168 ultro
1635 3099 1818 3164 nobis
1851 3117 1944 3165 vs.
1994 3098 2122 3162 360
2168 3095 2535 3178 legentibus
2569 3114 2718 3162 sese
2752 3093 3007 3160 offerat.

511 3208 797 3286 Quatuor
839 3211 1037 3292 igitur
1070 3229 1295 3276 versus
1326 3203 1702 3293 recitantur,
1751 3211 2126 3294 priusquam
2172 3229 2330 3276 voce
2378 3207 2729 3290 ὀβελίσκους
2778 3207 3007 3274 similis

431 3348 435 3352 ·
507 3320 680 3386 illius
729 3323 999 3389 nominis
1067 3323 1604 3390 commonefimuS.
1663 3324 1823 3389 Tum
1887 3329 2102 3388 autem
2166 3323 2340 3391 vocis
2397 3322 2645 3384 ’ὁπλῖται
2704 3321 3013 3388 memoria

509 3435 636 3499 iam
683 3436 966 3503 evanuit.
1031 3435 1193 3500 Nam
1243 3456 1406 3515 cum,
1457 3437 1564 3519 qui
1613 3435 1883 3501 audiunt
1916 3455 2141 3502 versus
2178 3436 2307 3502 359
2357 3442 2425 3503 et
2471 3435 2605 3500 360
2640 3439 2779 3515 „viv
2813 3435 2878 3494 δὲ
2908 3431 3013 3508 ξῦν

504 3541 796 3615 ὅπλοις
845 3544 1054 3626 ἄνδρες
1089 3549 1418 3610 ,ὁπλῖται
1475 3549 1962 3630 διαταξάμενοι“,
2012 3549 2255 3618 ὁπλίτας
2292 3547 2741 3632 BdelyleoniS
2790 3566 3011 3614 servos

521 3659 649 3724 dici
693 3666 946 3744 putent,
997 3664 1167 3746 quod
1216 3657 1423 3734 ὅπλοις
1468 3665 1696 3729 armati
1747 3663 1923 3728 senis
1972 3679 2276 3744 egressus
2326 3661 2664 3745 explorent
2696 3667 2766 3726 et
2796 3667 3010 3728 custo-

513 3773 714 3854 diant,
773 3775 1043 3839 alteram
1091 3776 1283 3842 huius
1331 3779 1502 3844 vocis
1567 3777 1803 3839 ὁπλῖται
1868 3776 2361 3859 explicationem
2421 3794 2547 3840 non
2610 3781 3009 3860 exspectant.

729 3888 870 3952 Non
915 3890 1141 3970 magi8‚
1191 3909 1380 3974 quam
1424 3892 1527 3956 hic
1595 3892 1796 3972 lusuS,
1862 3890 2127 3974 placuit,
2175 3906 2365 3972 quem
2427 3887 2597 3952 idem
2666 3889 2741 3954 V.
2805 3889 2881 3954 D.
2943 3889 3010 3953 in

515 4002 709 4084 Vesp.
756 4021 846 4069 vs.
898 4003 1023 4066 718
1072 4003 1195 4069 sibi
1241 4005 1585 4071 videbatur
1629 4005 1978 4070 invenisse.
2026 4002 2124 4068 En
2171 3981 2483 4066 versus'Y
2499 4000 2571 4063 17
2621 4006 2690 4066 et
2737 4000 2897 4069 718:

892 4168 904 4181 .
945 4115 1162 4178 ἔδοσαν
1209 4116 1277 4177 δ’
1328 4116 1657 4196 οὐπώποτέ
1692 4141 1788 4178 σοι
1834 4115 1987 4197 πλὴν
2032 4095 2233 4196 πρώην
2279 4117 2446 4176 πέντε
2492 4117 2824 4194 μεδίμνους,

681 4231 781 4289 καὶ
825 4234 1012 4289 ταῦτα
1055 4228 1226 4308 μόλις
1271 4229 1460 4303 ξενίας
1503 4229 1729 4311 φεύγων
1776 4229 1981 4310 ἔλαβες
2026 4227 2175 4291 κατὰ
2222 4233 2466 4312 χοίνικα,
2512 4231 2759 4306 κριθῶν,

715 4342 814 4409 Ad
860 4361 1020 4425 quos
1050 4343 1211 4408 haec
1243 4343 1291 4407 I.
1325 4339 1703 4410 Richterus:
1757 4347 2021 4425 »κριθῶν
2068 4363 2211 4409 cum
2256 4344 2570 4422 μεδίμνους
2617 4343 3005 4424 coniungen-

513 4457 694 4535 dum;
739 4457 948 4538 possit
979 4457 1175 4523 etiam
1212 4476 1352 4522 cum
1385 4459 1610 4540 χοίνικα
1639 4463 1754 4522 aut
1801 4476 1945 4522 cum
1977 4455 2199 4537 ἔλαβες.
2248 4454 2325 4522 cf.
2371 4455 2532 4538 Eng.
2566 4456 2826 4522 Thesm.
2858 4455 3007 4520 811.

509 4569 708 4634 Ludit
752 4570 949 4634 Verbo
1011 4574 1256 4648 κριθῶν,
1330 4571 1512 4652 quasi
1583 4570 1757 4636 dicat
1823 4568 1991 4647 παρὰ
2057 4574 2172 4630 τῶν
2217 4573 2446 4650 κριτῶν,
2520 4588 2662 4634 cum
2724 4569 3011 4652 proxime

513 4682 859 4749 antecedat
903 4681 1092 4756 ξενίας
1158 4681 1423 4762 φεύγων.·
1490 4681 1643 4744 κατὰ
1687 4686 1913 4765 χοίνικα
1958 4701 2128 4762 ,vero
2174 4683 2347 4748 idem
2405 4682 2603 4766 valet,
2682 4683 2851 4766 quod
2896 4701 3011 4748 no-

514 4801 755 4860 strum:
806 4797 1340 4877 „quantsweise.“
1392 4798 1482 4861 At
1511 4815 1623 4861 cur
1654 4795 1819 4868 παρὰ
1866 4800 1989 4858 τῶν
2026 4800 2236 4874 κριτῶν
2266 4797 2740 4878 intellegamuS,
2783 4795 3005 4877 requi-

513 4907 708 4977 rituti
799 4908 962 4973 Nam
1007 4915 1463 4999 praeterquam
1511 4911 1701 5000 quod,
1750 4911 1807 4981 si
1856 4913 1913 4970 οἱ
1936 4912 2167 4993 -κριταΐ
2190 4909 2514 4982 frumenta
2556 4909 2826 4974 civibus
2873 4907 3006 4972 dis-

2654 5014 2696 5086 3
2798 5087 2801 5090 ,
