3609 5742
1703 543 1794 608 45

510 723 746 798 tamen,
799 738 988 801 quam
1034 717 1185 780 κατὰ
1233 723 1294 782 τι·
1339 721 1458 802 „ad
1505 722 1659 803 quid
1677 722 1776 792 ⁴?“.
1814 721 1917 786 vel
1968 718 2189 802 „cuius
2235 720 2327 784 rei
2376 720 2584 802 gratia
2600 721 2671 784 Ρ*
2749 717 2991 800 sign-ifi—

510 851 658 898 care
706 833 1124 913 intellexeriS,
1191 852 1317 898 non
1361 834 1628 916 poteris,
1699 833 1856 916 quin
1906 833 2297 915 „secundum
2366 833 2603 914 quid?“
2676 832 2781 899 vel
2832 848 2997 914 „qua

509 965 580 1010 re
625 948 987 1029 cogente“?
1033 947 1380 1029 suspiceris
1427 947 1957 1028 intellegendum.
2004 945 2117 1016 Bis
2169 947 2338 1010 enim
2388 963 2528 1012 cum
2560 942 2715 1006 κατὰ
2762 965 2814 1011 c.
2862 959 2991 1010 acc.

507 1061 638 1140 illo,
683 1079 868 1142 quem
917 1062 1101 1126 modo
1149 1061 1300 1143 dixi,
1346 1079 1540 1126 sensu
1587 1061 1944 1126 adhibitum
1989 1059 2469 1138 audiverimus,-.
2512 1059 2714 1124 veluti
2758 1060 2996 1124 mentis
3072 1137 3078 1156 ἶ

510 1175 783 1266 quadam
831 1163 1292 1241 consuetudine
1339 1194 1415 1239 ac
1460 1192 1667 1255 paene
1732 1174 1862 1242 dixi
1924 1173 2183 1238 auditus
2230 1171 2536 1236 memoria
2590 1171 2995 1253 impellimur,

509 1294 583 1352 ut
626 1288 890 1354 tertium
937 1306 1188 1370 quoque
1235 1287 1508 1372 eandem
1552 1288 1716 1352 hanc
1777 1287 2071 1370 eiusdem
2128 1260 2626 1369 praepositionis
2694 1283 2823 1350 vim
2881 1301 2994 1361 ex·-

509 1407 894 1484 spectemus.
1599 1474 1606 1480 ,

715 1515 846 1580 Av.
893 1533 1052 1581 vss,
1109 1513 1554 1580 1053-1054.

507 1625 884 1697 Ἐπίσκοπος.
1063 1625 1270 1690 ἀπολῶ
1319 1649 1404 1710 os,
1447 1629 1548 1689 καὶ
1593 1626 1803 1708 γράφω
1852 1649 1917 1688 σε
1961 1629 2171 1707 μυρίας
2218 1626 2489 1712 δραχμάς

511 1741 966 1818 Πεισθέταιρος.
1057 1738 1165 1820 ἐγώ
1191 1741 1280 1810 ,δὲ
1324 1747 1434 1801 σοῦ
1479 1765 1540 1822 γε
1575 1737 1657 1802 τώ
1703 1738 1867 1801 κάδω
1914 1744 2228 1806 διασκεδῶ.

715 1854 816 1919 Ad
859 1854 1026 1920 hunc
1071 1873 1326 1920 versum
1371 1855 1794 1938 posteriorem
1845 1855 2291 1938 explicandum
2340 1865 2462 1920 ne'c
2507 1857 2829 1922 Kusterus
2874 1859 2997 1920 nec

508 1967 858 2050 Berglerus
891 1970 1232 2051 quidquam
1267 1969 1654 2049 attulerunt;
1701 1968 2023 2034 Brunckii'
2063 1974 2283 2033 tacent
2317 1973 2385 2033 et
2416 1967 2661 2050 Bothii‚
2684 1989 2687 1992 ’
2707 1969 2994 2044 Kockius

511 2100 764 2164 quoque
835 2099 1016 2148 meus
1085 2082 1404 2152 obmutuit
1472 2089 1538 2146 et
1605 2101 1687 2146 ne
1751 2100 1787 2146 e
1852 2081 2283 2146 Bekkerianis
2352 2081 2610 2162 quidem
2672 2081 2999 2148 thesauris

511 2195 856 2277 quidquam
902 2195 1132 2274 disceS,
1180 2195 1302 2260 nisi
1351 2193 1518 2260 forte
1564 2197 1858 2256 διασκεδῶ
1904 2195 2173 2259 atticum
2222 2212 2369 2258 esse
2414 2193 2699 2260 futurum
2742 2193 2999 2275 ignora«

511 2307 700 2372 veris,
748 2308 1050 2372 Attamen
1097 2313 1250 2372 sunt
1292 2308 1358 2372 in
1387 2308 1523 2372 hoc
1571 2326 1780 2387 versu,
1832 2325 1997 2389 quae
2044 2308 2207 2373 velis
2256 2307 2583 2390 explicari.
2628 2307 2759 2373 Sed
2788 2307 3001 2390 prius.-

514 2439 704 2504 quam
751 2423 891 2502 ipse
937 2421 1020 2486 ad
1065 2440 1203 2486 rem
1249 2421 1571 2500 accedam,
1619 2422 2017 2504 interpretes
2078 2422 2315 2502 rogabo
2377 2420 2757 2486 sententias
2822 2420 3003 2484 Inter

512 2554 669 2618 quos
717 2534 809 2600 sic
855 2553 946 2600 vs,
1005 2535 1168 2598 1054
1217 2523 1580 2600 verterunt'

511 2669 652 2714 cum
697 2648 978 2713 Kustero
1023 2649 1394 2729 Berglerus:
1442 2647 1576 2728 Ego
1623 2666 1776 2714 vero
1822 2653 1969 2712 tuas
2014 2648 2349 2729 amphoras
2396 2648 2839 2727 comminuam,

514 2763 842 2830 Rositinus
891 2764 974 2846 (a.
1029 2762 1256 2848 1545):
1303 2763 1400 2828 Ed
1447 2764 1508 2827 io
1553 2761 1690 2827 faro
1719 2763 1924 2828 andar
1970 2763 2051 2825 da
2095 2762 2262 2826 male
2307 2763 2334 2825 i
2378 2761 2535 2826 tuoi-
2562 2760 2731 2836 cadi,

513 2877 922 2959 Droysenus:
971 2877 1244 2942 Vorerst
1291 2877 1757 2942 zerschmettre
1805 2875 1909 2939 ich
1955 2876 2055 2939 dir
2102 2875 2211 2940 die
2255 2875 2479 2940 Urnen
2524 2875 2737 2957 beide,

515 2983 871 3071 Seegerus:
917 2989 1028 3054 Ich
1073 2990 1261 3054 reiss'
1309 2991 1408 3054 dir
1455 2984 1607 3053 dein
1657 2990 1904 3053 Decret
1944 2989 2010 3052 in
2060 2979 2337 3054 tausend
2382 2988 2644 3067 Fetzeu,

511 3104 687 3170 Hier.
735 3103 1122 3168 Muellerus:
1171 3103 1317 3168 Und
1363 3103 1466 3168 ich
1512 3102 1884 3198 zerschlage
1930 3103 2166 3168 deinen
2214 3123 2462 3185 ganzen
2508 3105 2705 3168 Kram
2753 3104 2835 3168 da
2878 3104 2996 3168 dir.

723 3217 845 3295 Qui
907 3218 1029 3282 viri
1091 3217 1260 3282 docti
1322 3236 1462 3282 cum
1525 3216 1590 3281 in
1656 3217 2143 3300 interpretando
2214 3218 2405 3284 verbo
2474 3220 2770 3278 διασκεδῶ
2838 3217 2999 3298 miro

516 3332 788 3413 quodam
812 3364 816 3383 ι
836 3331 1020 3404 modo
1055 3330 1478 3410 consentiant,
1525 3331 1791 3413 Papium
1826 3350 2080 3413 quoque
2128 3338 2197 3396 et
2230 3333 2605 3406 Passovium
2634 3350 2761 3396 non
2792 3331 3001 3398 minus

523 3463 710 3526 quam
755 3445 1146 3529 Hesychium
1193 3451 1264 3510 et
1311 3445 1572 3510 Suidam
1620 3444 2105 3530 lexicographos
2138 3445 2577 3517 consulemus,

726 3547 826 3621 EG'
865 3559 960 3622 sic
1005 3559 1260 3640 quidem
1309 3557 1572 3623 Suidas:
1622 3555 2177 3640 Διασκεδαννύουστι.
2224 3555 2744 3634 διασκορπίζουσι.
2788 3558 3012 3637 λέγεται

515 3670 581 3730 δὲ
649 3672 742 3733 καὶ,
791 3673 1206 3750 διασκίδνησιν.
1271 3671 1575 3752 Ἰώσηπος·
1669 3667 1820 3733 Οὔτε
1882 3668 1992 3752 γὰρ
2062 3669 2279 3743 ἀταξία
2338 3673 2739 3749 διασκίδνησιν
2798 3667 3013 3740 αὐτοὺς

515 3789 618 3862 τῆς
664 3783 992 3856 συντάξεως
1037 3789 1144 3862 τῆς
1191 3789 1248 3845 ἐν
1291 3785 1442 3876 ἔθει.
1489 3785 1881 3870 Hesychium
1931 3772 2173 3865 evolve,
2247 3786 2355 3868 qui
2398 3785 2559 3852 haec
2592 3789 2850 3870 ‚tantum
2896 3803 3010 3850 noe

519 3898 714 3962 tavit:
763 3895 1158 3964 διασκεδάσει.
1206 3901 1632 3977 διασκορπίσει.
1679 3902 2111 3966 διασκίδναται.
2162 3898 2666 3977 διασκορπὶζεται.
2742 3901 2818 3964 In
2851 3897 3045 3986 Gods·

519 4011 914 4094 Bernhardyi
994 4012 1230 4076 &uidae
1298 4012 1485 4078 lexici
1555 4013 1837 4080 editione
1891 4015 2053 4080 haec
2120 4013 2457 4080 verborum
2532 4011 2785 4080 illorum
2864 4029 3006 4078 ver·

519 4125 613 4190 sio
695 4124 894 4190 latina
973 4125 1209 4206 legitur
1243 4147 1256 4190 :
1357 4125 1947 4206 „Amansdavmiovo-c.
2043 4129 2384 4210 dissipant..
2486 4105 2725 4192 dicitur
2812 4122 3011 4192 etiam

523 4239 910 4316 διασκίδνησι,
975 4238 1246 4321 dissipat
1313 4244 1382 4302 et
1449 4259 1550 4321 qu.
1617 4243 1798 4320 sqq.“
1871 4241 2201 4321 QuaereS,
2271 4258 2447 4322 quae·
2506 4217 2593 4308 sit
2646 4237 3014 4322 :dissipandi

521 4352 734 4431 noti03
797 4351 1066 4417 accedes
1113 4352 1195 4417 ad
1239 4352 1581 4420 Forcellini
1631 4353 1987 4418 uberrimos
2048 4353 2393 4423 latinitatis
2459 4352 2669 4424 fontes
2741 4356 2810 4418 et
2852 4352 3013 4423 haec

520 4465 670 4530 inde
716 4464 1012 4530 hauries:
1063 4466 1385 4547 „Dissipo
1457 4464 1855 4548 διασκεάάζω,
1925 4467 2245 4550 dispergo,
2312 4466 2618 4547 diffundO,
2694 4465 3010 4544 disturbo‚

522 4577 806 4643 disiicio:
853 4579 932 4658 ab
981 4579 1272 4646 obsoleto
1320 4580 1482 4662 sipo,
1529 4575 1636 4648 vel‘
1681 4600 1861 4664 supo,
1910 4587 2083 4650 teste
2130 4581 2345 4663 Festo,
2408 4580 2729 4662 significat
2774 4580 3009 4662 iacere,

523 4691 694 4756 unde
741 4691 1058 4774 dissipare
1102 4693 1468 4760 disiicere.“
1543 4695 1600 4760 E
1649 4697 2033 4776 scriptorum
2076 4695 2256 4774 lociS,
2290 4679 2465 4777 'quos
2510 4693 2642 4778 illic
2688 4693 3015 4776 congessit

524 4805 779 4885 multoS,
828 4804 988 4870 haec
1033 4806 1155 4869 tibi
1203 4805 1472 4888 effinges
1521 4808 1847 4889 exempla:
1894 4809 2059 4888 ignis
2092 4813 2321 4872 cuncta
2352 4806 2673 4872 disturbat
2704 4825 2779 4870 ac
2823 4805 3013 4870 dissi-

524 4925 639 5003 pat
683 4918 898 5005 (Cic),
943 4918 1130 4985 hasta
1176 4918 1449 5005 dissipat
1493 4939 1684 4987 auras
1733 4920 1925 5005 (Stat.
1974 4919 2139 5006 Ἧι),
2178 4919 2417 4986 ‘simia
2462 4923 2674 4986 sortes
2741 4918 3018 5004 dissipat
