3609 5742
1723 619 1795 682 11

469 839 480 852 .
524 789 669 854 Non
709 790 975 880 *illepide
1023 791 1132 856 ille
1181 793 1469 874 quidem3
1537 794 1821 876 undique
1868 793 2037 857 enim
2085 807 2372 854 rumores
2418 787 2605 853 famis
2650 790 2818 873 apud
2864 793 3000 856 Me-

519 921 828 982 garenses
878 909 1140 970 exortae
1187 908 1766 987 percrebruerant3
1815 906 2224 970 nihilominus
2266 909 2483 967 tamen
2546 920 2686 966 cum
2732 903 3003 968 dixisset

517 1013 800 1076 ἀκούετον
866 1014 960 1095 δή,
1009 1015 1271 1099 ποτέχετ’
1346 1020 1471 1095 ἐμὶν
1542 1018 1679 1084 fore
1748 1019 2153 1100 putabamus,
2222 1021 2297 1080 ut.
2341 1011 2443 1074 τὸν
2508 1019 2650 1076 νοῦν
2712 1015 3001 1081 adderet.

517 1128 780 1194 Animos
829 1131 995 1194 enim
1045 1131 1170 1196 sibi
1216 1132 1559 1197 advertere
1610 1132 1857 1214 puellas
1904 1131 2105 1212 iubet,
2184 1128 2442 1194 etiamsi
2489 1133 2751 1194 ventres
2820 1129 3003 1209 dicit3

520 1260 660 1306 cum
706 1261 858 1307 vero
905 1243 981 1322 is,
1029 1243 1137 1325 qui
1187 1245 1412 1325 esurit,
1461 1263 1585 1309 non
1634 1244 1849 1309 oculos
1896 1242 2101 1322 modo,
2154 1242 2269 1307 sed
2314 1247 2595 1306 mentem
2655 1261 3004 1324 omnesque

521 1356 944 1435 cogitationes
987 1357 1067 1420 ad
1115 1375 1192 1421 ea
1239 1359 1553 1438 advertat,
1627 1375 1790 1440 quae
1842 1375 2211 1422 comesurus
2260 1355 2379 1419 sibi
2453 1355 2751 1420 videatur
2799 1374 3004 1438 eaque
3042 1425 3047 1431 ,

519 1468 731 1532 animo
803 1469 980 1533 velut
1027 1469 1455 1552 amplectatur
1527 1474 1595 1534 et
1663 1474 2062 1552 praegustet,
2132 1473 2441 1548 ventrem,
2512 1470 2747 1552 quippe
2818 1487 3006 1550 quem

519 1581 722 1645 solum
772 1588 1089 1661 curarent,
1137 1601 1253 1665 pro
1299 1583 1532 1665 auim0‚
1581 1585 1687 1665 qui
1735 1588 1912 1648 totus
1959 1583 2026 1647 iu
2070 1581 2201 1646 illis
2249 1587 2445 1661 esset,
2516 1582 2734 1646 dicere
2806 1601 3001 1647 ausus

521 1699 640 1758 est«
668 1714 793 1760 non
839 1699 1084 1759 temere
1131 1700 1338 1777 poeta.
1385 1697 1458 1760 ln
1494 1697 1706 1760 verbis
1740 1695 1938 1776 igitur
1976 1695 2136 1760 haec
2161 1695 2491 1759 iocabatur
2522 1693 3005 1777 AristophaneS,

519 1808 744 1873 eodem
790 1809 974 1874 modo
1021 1827 1146 1890 quo
1192 1810 1387 1878 etiam
1446 1810 1511 1873 in
1556 1809 1712 1874 Rau.
1760 1828 1853 1874 vs.
1909 1807 2091 1889 1005,
2125 1826 2130 1831 ·
2160 1809 2271 1873 ubi
2317 1806 2589 1888 τραγικὸν
2634 1811 2813 1888 λῆρον
2856 1806 2999 1884 παρ’

518 1919 804 1982 ὑπόνοιαν
850 1922 1006 1987 dicit
1050 1919 1177 1982 ἀντὶ
1221 1927 1328 1984 τοῦ
1374 1924 1609 2006 τέχνην,·
1641 1924 1702 1988 in
1732 1922 1903 1987 Pluti
1933 1941 2027 1988 vs.
2068 1923 2199 1987 324
2228 1919 2639 2007 (ἀσπάζομαι)
2688 1927 2757 1987 et
2786 1923 3007 1986 multis

521 2040 864 2117 praeterea
910 2034 974 2098 in
1042 2035 1220 2115 locis,
1294 2054 1452 2117 quos
1499 2036 1756 2117 longum
1804 2042 1910 2100 est
1958 2051 2356 2100 enumerare.
2431 2033 2769 2101 Sufficiunt
2837 2037 3006 2123 enim

527 2167 646 2228 ea,
739 2167 903 2232 quae
980 2149 1060 2213 de
1137 2150 1346 2213 tribus
1426 2149 1714 2214 eiusdem
1789 2151 2049 2231 generis
2127 2148 2433 2231 exemplis
2510 2149 3005 2214 disserebamus,

524 2263 803 2341 Quorum
850 2263 974 2326 vim
1022 2262 1345 2342 comicam,
1395 2263 1450 2326 si
1497 2263 1606 2344 qui
1653 2264 1718 2326 in
1779 2262 2310 2345 rebuspositam
2368 2279 2515 2326 esse
2561 2266 2811 2358 putent,
2874 2281 3023 2330 non.

522 2377 588 2440 in
633 2377 867 2452 verbiS‚
917 2377 1084 2457 quod
1129 2381 1376 2440 mutato
1423 2382 1694 2458 repen-te
1725 2381 2004 2458 ,praeter
2050 2376 2413 2458 opinionem
2483 2376 2789 2442 vocabulo
2857 2377 3005 2442 novi

523 2489 761 2570 aliquid
808 2488 996 2552 simul
1043 2494 1110 2553 et
1147 2488 1351 2552 *alieni
1398 2509 1436 2553 a
1482 2490 1695 2571 priore
1743 2489 2072 2554 sententia
2140 2489 2205 2552 in
2264 2489 2543 2552 animum
2612 2488 3005 2569 inducamuS,

523 2603 803 2669 viderint
845 2602 976 2678 illi,
1045 2621 1147 2680 ne,
1214 2621 1378 2684 quae
1427 2620 1622 2684 supra
1691 2603 1984 2680 diximus,
2056 2599 2475 2683 quaecunque
2546 2601 2830 2666 iocemur
2898 2607 3013 2667 aut

521 2720 786 2798 propter
831 2716 972 2797 ipsa
1017 2716 1217 2780 verba
1252 2715 1464 2780 rideri
1527 2721 1640 2780 aut
1685 2721 1953 2799 propter
1998 2735 2107 2780 res
2154 2733 2331 2794 eave,
2402 2721 2577 2798 qua'e'·⁸
2638 2714 3009 2795 cogitemuS,

524 2836 825 2894 corruant
871 2829 1178 2893 universa
1224 2835 1292 2893 et
1337 2828 1516 2894 velut
1563 2849 1598 2894 e
1661 2830 1954 2894 manibus
2026 2829 2385 2892 elabantur.
2455 2810 2733 2891 Videant
2800 2845 3011 2910 porro,

522 2948 921 3025 quantopere
969 2963 1068 3020 ea,
1116 2963 1279 3025 quae
1329 2945 1410 3007 ad
1455 2943 1577 3008 hoc
1622 2962 1830 3024 genus
1879 2941 2345 3022 referebamuS,
2394 2937 2694 3004 differant
2738 2941 2817 3004 ab
2864 2940 3011 3020 illis,

521 3075 705 3138 quae,
755 3075 1134 3139 quamquam
1183 3057 1378 3120 etiam
1427 3056 1728 3121 dicuntur
1773 3060 1997 3120 contra
2068 3039 2641 3150 exspectationem,
2710 3054 2774 3117 in
2820 3055 3013 3119 rebus

515 3151 672 3235 'sunt
716 3175 932 3234 tamen
964 3174 1033 3234 et
1061 3171 1345 3250 integras
1377 3169 1746 3234 sententias
1763 3168 2049 3234 funditus
2094 3170 2489 3251 pervertunt.
2536 3169 2629 3232 Ac
2656 3167 2830 3233 Pluti
2875 3169 3015 3249 qui-

523 3283 667 3347 dem
715 3282 1070 3348 describam
1118 3283 1468 3348 versiculos
1514 3283 1921 3364 26—27‚=ut
1965 3281 2067 3347 vel
2115 3301 2241 3346 uno
2290 3281 2579 3363 exemplo
2612 3279 3011 3361 facetiarum,

524 3415 688 3477 quae
734 3401 884 3461 sunt
942 3400 1205 3478 praeter
1268 3397 1656 3479 opinionem,
1705 3395 2053 3461 discrimen
2121 3400 2371 3460 tantum
2438 3393 2774 3461 illustrem.
2844 3395 3017 3460 Dicit

437 3516 442 3521 '
523 3508 654 3574 illic
701 3509 1042 3574 Chremes:
1089 3566 1096 3571 .

935 3620 1061 3682 ἀλλ’
1109 3620 1191 3682 ου”
1227 3643 1280 3682 τι
1317 3619 1560 3704 κρύψω·
1605 3627 1722 3682 τῶν
1769 3625 1921 3700 ἐμῶν
1967 3642 2101 3701 γαρ,
2126 3625 2360 3682 οἰκετῶν
2442 3655 2447 3662 ·

935 3735 1314 3799 πιστότατον.
1335 3737 1596 3818 ἡγοῦμαί
1635 3759 1699 3798 σε
1745 3739 1842 3798 καὶ
1896 3739 2331 3802 κλεπτίστατον,

523 3850 652 3913 ἀντὶ
696 3855 802 3912 τοῦ
849 3855 1048 3926 εἰπεῖν,
1117 3852 1272 3917 dicit
1336 3853 1682 3917 scholiasta
1744 3852 1895 3916 Cod.
1959 3852 2141 3932 Ven.,
2210 3850 2469 3931 ἡγοῦμαί
2509 3871 2573 3911 σε
2618 3846 3012 3910 εὐνούστατον

523 3967 620 4026 καὶ
666 3961 1134 4045 φρονιμώτατον,
1199 3963 1267 4027 τὸ
1339 3963 1480 4043 παρ’
1524 3963 1812 4026 ὑπόνοιαν
1858 3961 2105 4044 ἐπήγαγε
2151 3967 2421 4042 κωμικῶς
2463 3961 2711 4034 παίζων.
2757 3963 3009 4045 Itaque,

524 4081 651 4146 nisi
695 4082 1114 4149 κλεπτίστατος
1159 4079 1537 4145 vaferrimus
1586 4081 1861 4162 quisque
1908 4079 2037 4143 dici
2079 4083 2343 4162 poterat
2386 4116 2472 4126 —
2517 4078 2777 4143 fuerunt
2824 4079 3013 4157 enim,

527 4191 633 4276 qui
678 4191 840 4258 haec
883 4192 1082 4258 verba
1123 4191 1218 4256 ita
1263 4191 1724 4274 intellegerent
1777 4229 1846 4238 -
1900 4192 2289 4257 contrarium
2336 4211 2451 4275 pro
2498 4209 2615 4274 eo,
2690 4190 2858 4272 quod
2908 4209 3016 4255 ex-

527 4307 994 4391 spectabamuS,
1039 4309 1230 4389 poeta
1260 4305 1633 4371 vocabulum
1679 4305 1914 4387 posuit.
1962 4305 2233 4370 Tantum
2280 4323 2433 4371 vero
2478 4305 2684 4384 abest,
2732 4309 2805 4368 ut
2848 4319 3017 4369 com-

525 4421 788 4485 mutatis
837 4420 1047 4485 verbis
1111 4421 1437 4484 sententia
1484 4420 1708 4485 eadem
1757 4419 2066 4485 similisve
2109 4419 2515 4499 remanserit,
2571 4422 2644 4482 ut
2686 4435 2815 4481 una
2858 4417 3019 4482 haec
3073 4454 3078 4458 -

527 4553 646 4600 vox
689 4535 1104 4594 κλεπτίστατον
1147 4534 1336 4598 huius
1381 4551 1608 4599 versus
1639 4533 1765 4597 vim
1814 4551 2061 4599 omnem
2107 4531 2437 4613 refringat.
2483 4532 2624 4597 Non
2668 4531 2837 4596 enim
2872 4549 3018 4596 esse

526 4651 744 4731 potest
789 4645 1198 4712 fidelissimus
1245 4665 1490 4726 serVUS,
1540 4647 1645 4728 qui
1693 4651 1796 4711 est
1838 4645 2297 4710 furacissimus.
2345 4645 2528 4724 Quod
2572 4645 2869 4726 quoniam
2918 4648 3021 4709 est

526 4759 640 4836 ita,
687 4759 828 4842 ipsa
872 4777 978 4823 res
1046 4777 1172 4824 non
1242 4737 1491 4823 mutata
1537 4763 1640 4822 est
1685 4759 1936 4838 leviter,
1986 4758 2100 4824 sed
2146 4760 2210 4823 in
2258 4756 2644 4824 contrarium
2690 4775 3016 4823 conversa.

526 4859 712 4937 Unde
759 4872 849 4952 fit,
911 4875 986 4936 ut
1043 4890 1168 4938 non
1230 4891 1423 4937 unum
1479 4871 1635 4937 illud
1680 4873 2055 4938 vocabulum
2123 4875 2440 4937 mutatum
2486 4877 2741 4938 moveat
2793 4871 3015 4954 risum,

473 4975 480 4982 ⁴
527 4987 644 5053 sed
688 4989 881 5054 rebus
929 4988 1332 5054 contineatur
1375 4984 1478 5051 hic
1521 4986 1699 5052 iocus
1747 4986 2001 5052 omniS.'
