3609 5742
1826 656 1916 730 ,18
1989 639 2010 746 g

639 831 1035 898 tissimorum
1081 830 1726 916 doctissimorumque
1771 805 2050 897 virorum
2095 829 2350 897 nomina
2396 831 2777 908 enumerari,
2822 849 2942 907 1166
2984 849 3123 912 gra-

636 946 934 1012 vissimas
981 945 1341 1010 sententias
1389 943 1624 1010 iudicio
1687 963 1830 1010 meo
1896 943 2291 1027 comprobari
2362 944 2736 1025 cuiusquam
2803 944 3125 1010 interesse

639 1035 964 1142 putabam.
1041 1056 1243 1123 Multo
1291 1075 1444 1123 vero
1494 1057 1690 1123 etiam
1736 1059 1968 1140 minuS,
2040 1057 2270 1139 quibus
2316 1058 2434 1133 illi,
2503 1041 2589 1121 ut‘
2618 1076 2825 1140 nuper
2872 1058 3126 1122 demum

621 1163 927 1237 'Evaldus
974 1171 1251 1251 Hecker‚
1288 1170 1337 1253 ¹)
1386 1170 1731 1236 adiuvante
1777 1172 1967 1252 longo
2014 1171 2237 1264 horum
2286 1171 2640 1236 studiorum
2702 1189 2834 1235 usu
2869 1189 3129 1254 operam

641 1282 961 1351 dederunt
1023 1284 1230 1384 enixe,
1303 1303 1465 1368 quae
1529 1285 2017 1392 explicaverunt
2082 1283 2464 1365 definiendo,
2537 1286 2793 1367 copiose
2862 1274 3130 1349 (116611ᾱο

641 1401 1051 1476 ornaverunt,
1101 1416 1266 1479 quae
1332 1399 1646 1464 acerrimo
1709 1399 1989 1482 praediti
2055 1399 2293 1481 ingenii
2357 1401 2645 1499 acumine
2711 1399 2777 1464 in
2845 1401 3131 1465 ordinem

639 1511 1073 1592 digesserunt
1122 1511 1434 1595 exemplis
1479 1513 1945 1592 instruxerunt,
1996 1489 2463 1610 firmaverunt,
2503 1515 2700 1578 tutati
2764 1517 2934 1595 sunt,
2983 1533 3131 1578 con-

641 1625 852 1690 futare
899 1643 1090 1706 posse
1123 1626 1236 1690 ·his
1267 1627 1492 1707 paucis
1525 1626 1677 1690 mihi
1709 1624 1998 1693 videbar.¹
2046 1627 2183 1692 Nec
2213 1601 2445 1692 vellem
2478 1628 2807 1709 equidem3
2853 1627 3133 1693 alienum

644 1741 813 1808 enim
860 1740 926 1806 id
975 1747 1078 1806 est
1123 1761 1162 1804 a
1207 1741 1489 1806 consiliis
1537 1743 1716 1806 meis,
1769 1741 1900 1807 Sed
1948 1761 2089 1807 cum
2138 1723 2505 1824 plerosque,
2557 1733 2671 1824 qui
2698 1746 2847 1824 post
2876 1741 3132 1806 Frisch-

639 1855 837 1920 linum
883 1841 1328 1936 Aristophanis
1380 1855 1739 1919 comoedias
1793 1841 1996 1920 latine
2045 1855 2409 1930 ediderunt,
2455 1854 2741 1935 ludendi,
2799 1853 3132 1948 iUudendi,

611 1966 973 2033 alludendi
1039 1959 1238 2032 verba
1297 1967 1420 2032 tria
1485 1968 1849 2051 promiscue
1919 1974 1987 2033 et
2055 1969 2513 2034 diversissimis
2590 1969 3035 2060 usurpavisse
3068 1967 3135 2031 in

650 2075 806 2145 lo'cis
853 2068 1340 2161 intellexissem,
1388 2098 1624 2162 operae
1676 2082 1957 2180 pretium
2006 2082 2178 2161 duxi,
2248 2057 2399 2163 quid
2459 2081 2543 2146 id
2586 2087 2782 2162 esset,
2860 2081 3029 2164 quod
3072 2081 3138 2144 in

649 2193 815 2260 tanti
885 2199 1118 2277 poetae
1187 2195 1522 2262 versiculis
1592 2195 1814 2260 multis
1883 2196 2045 2259 adeo
2113 2189 2421 2278 placeret,
2496 2195 2688 2304 paulo
2757 2195 3138 2274 accuratius,

651 2295 1278 2392 quantulumcunque
1323 2326 1604 2390 possem,
1651 2295 2076 2390 pertractare.

799 2420 1033 2500 Quos
1077 2423 1252 2486 iocos
1299 2411 1452 2486 solis
1503 2421 1738 2502 verbis,
1785 2442 1913 2488 11011
1958 2423 2153 2488 rebus
2202 2422 2598 2507 quibuslibet
2644 2422 2806 2486 actis
2854 2420 3139 2498 effectOS,

653 2535 710 2600 si
758 2537 902 2619 quis
950 2534 1019 2600 111
1067 2535 1346 2617 quinque
1390 2534 1633 2616 genera
1677 2537 1933 2618 parcius
1979 2554 2080 2601 me
2136 2536 2432 2611 divisisse
2476 2535 2821 2618 putaverit,
2868 2553 2950 2599 ne
2997 2555 3138 2600 cum
3175 2517 3187 2525 ”

654 2649 782 2713 illis
829 2665 931 2712 me
979 2649 1323 2730 comparet,
1374 2649 1484 2730 qui
1528 2667 1782 2714 muscas
1815 2669 1939 2714 non
1987 2649 2276 2715 reticulis
2324 2649 2441 2714 sed
2486 2649 2707 2714 hiante
2756 2667 2940 2714 sacco
2990 2668 3137 2731 cap-

653 2746 796 2827 tare
843 2765 1173 2842 conentur,
1245 2767 1544 2827 accurate
1613 2761 1746 2843 ille,
1819 2781 1981 2846 quae
2050 2763 2135 2827 Μ.
2203 2763 2274 2826 Τ.
2347 2762 2571 2828 Cicero
2632 2763 2697 2827 in
2744 2763 2969 2842 altero,
3034 2764 3142 2845 qui

637 2871 1028 2941 'inscribitur
1074 2874 1154 2939 de
1203 2859 1477 2954 oratore,
1524 2873 1689 2939 libro
1719 2859 1797 2957 ⁹²)'
1824 2874 1923 2939 his
1972 2876 2051 2940 de
2100 2876 2293 2940 rebus
2340 2875 2525 2941 nobis
2572 2875 2949 2958 prodiderit,
2994 2895 3143 2960 per-

655 2987 1032 3076 vestigetff)
1079 2987 1429 3069 Intelleget
1475 2987 1644 3053 6111111
1678 2992 1833 3069 tum,
1883 3006 1963 3052 ne
1996 2986 2175 3053 illum
2209 2989 2487 3070 quidem,
2540 2990 2828 3071 quamvis
2863 2991 3143 3056 clarissi-

643 3078 824 3168 mum
871 3105 1188 3167 oratorem
1238 3099 1638 3181 eundemque
1685 3100 2131 3182 philosophum
2174 3100 2319 3182 plus
2368 3119 2481 3165 sex
2528 3106 2861 3184 septemve
2896 3121 3136 3182 eorum,

659 3217 762 3298 qui
811 3215 877 3279 in
921 3214 1137 3281 verbis
1195 3201 1436 3292 essent,
1483 3213 1764 3278 iocorum
1810 3233 2053 3295 genera
2112 3216 2401 3296 potuisse
2445 3215 2770 3296 indagare.
2833 3216 2930 3280 Ad
2980 3233 3143 3296 quae

656 3329 962 3394 nonnulla
1030 3327 1210 3391 illum
1273 3327 1675 3409 ascripsisse,
1738 3347 1904 3411 quae
1974 3327 2099 3393 alio
2167 3327 2397 3392 melius
2456 3327 2873 3425 referrentur,
2944 3327 3144 3392 'veluti
3222 3305 3233 3318 ’

658 3443 860 3508 verba
905 3442 1020 3507 illa
1065 3440 1274 3506 relata
1320 3441 1720 3523 contrarie‚⁴)
1769 3443 1875 3506 vix
1920 3425 2159 3507 attinet
2204 3441 2435 3506 dicere.
2486 3439 2647 3505 Nam
2688 3445 3147 3525 ,praeterquam

582 3581 586 3585 ·
660 3556 834 3638 quod
880 3559 1084 3620 totum
1131 3553 1326 3619 istum
1359 3554 1438 3618 de
1486 3553 1644 3618 iocis
1689 3554 1898 3619 locum
1931 3559 2061 3619 tam
2093 3553 2325 3634 insigni
2371 3551 2565 3617 animi
2612 3553 2876 3618 levitate
2926 3572 3147 3618 exara-

656 3669 772 3748 vit,
825 3673 898 3732 ut
941 3666 1378 3732 diversissima
1423 3667 1609 3752 haud,
1638 3687 1782 3732 raro
1830 3669 2154 3745 misceret,
2223 3655 2401 3731 certe
2462 3664 2565 3731 vel
2630 3667 2831 3732 solam
2878 3686 3021 3750 eam
3070 3669 3148 3733 ob

659 3799 913 3848 causam
957 3781 1234 3862 vestigia
1279 3781 1419 3844 eius
1481 3761 1688 3846 acrius
1735 3798 2029 3864 premere
2077 3779 2389 3860 nolebam,
2448 3779 2617 3861 quod
2662 3780 2959 3861 ambigua
3012 3781 3147 3870 illa,

659 3896 741 3960 ad
792 3911 955 3977 quae
1004 3893 1380 3976 explicanda
1423 3893 1543 3961 hoc
1589 3894 1871 3960 studium
1917 3913 2101 3960 omne
2150 3895 2582 3974 contulissem,
2632 3914 2759 3959 non
2805 3893 2989 3959 modo
3027 3913 3151 3959 11011

659 4028 698 4074 6
747 4007 1012 4091 reliquis
1056 3999 1309 4072 ridiculi
1355 4008 1702 4089 generibus
1749 4008 2135 4091 segregavit,
2184 4008 2300 4072 sed
2345 4026 2551 4089 paene
2601 4007 2899 4089 neglecta
2930 4008 3145 4073 iacere

658 4139 888 4206 passus
969 4125 1090 4186 est.
1119 4121 1171 4203 ⁵)
1250 4121 1427 4200 Quae
1503 4121 1798 4204 ambigua
1874 4140 2253 4209 quamquam
2318 4120 2617 4203 equidem
2692 4119 3147 4202 distinguenda

667 4235 1195 4319 seiungendaque
1265 4257 1302 4303 6
1347 4237 1618 4321 reliquis
1677 4237 1931 4303 ridiculi
1976 4237 2324 4320 generibus
2372 4237 2751 4316 censebam,
2825 4255 2949 4302 non
3026 4236 3153 4300 alia

659 4356 882 4450 tamen
927 4337 1123 4434 atque
1187 4351 1281 4416 illi
1337 4353 1690 4436 partitione
1757 4351 1912 4416 mihi
1978 4371 2138 4436 opus
2186 4356 2345 4418 erat.
2414 4350 2657 4416 Eodem
2727 4350 2898 4417 enim
2966 4348 3151 4416 modo

871 4594 913 4660 ι)
953 4593 1055 4647 Die
1107 4593 1454 4664 Physiologie
1506 4595 1617 4650 und
1665 4593 2024 4669 Psyohologie
2062 4595 2159 4650 des
2206 4593 2456 4650 hachem
2510 4594 2620 4649 und
2670 4595 2763 4648 des
2818 4591 3151 4658 Comischen,

666 4679 870 4748 Berlin,
909 4663 1189 4736 Diimmler
1229 4683 1378 4740 1873.
3108 4674 3111 4677 ¹

671 4783 682 4790 ·
873 4769 920 4836 ²)
963 4768 1080 4823 016.
1115 4771 1180 4824 (16
1219 4789 1292 4825 or.
1328 4771 1397 4826 11.
1432 4770 1794 4844 54„,-71„,
1840 4739 1891 4824 et
1926 4769 2019 4824 111.
2057 4769 2126 4822 37
2165 4787 2279 4850 sqq.

891 4857 932 4924 ⁸)
967 4859 1040 4912 cf.
1080 4861 1244 4916 etiam
1277 4859 1600 4927 Quintiliani
1639 4861 1760 4915 inst.
1801 4873 1877 4915 or.
1915 4858 2003 4912 vl.
2041 4858 2092 4912 3.

875 4945 921 5011 ⁴)
963 4943 1072 5000 Cic.
1111 4949 1176 5000 de
1213 4964 1287 5002 or.
1326 4949 1392 5000 ΙῘ.
1430 4951 1597 5021 652„

882 5031 922 5099 ⁸)
964 5029 1074 5085 016.
1114 5034 1179 5086 de
1217 5049 1292 5089 or.
1330 5033 1400 5088 11.
1439 5035 1742 5112 62253—66.
