3609 5742
1655 479 2066 630 ..ἔμ’

575 695 788 786 (Oia),
835 699 944 764 alii
989 700 1270 766 animum
1315 701 1676 783 discedere,
1744 703 1856 771 alii
1916 703 2219 787 dissipari
2264 708 2497 788 putant
2544 703 2757 800 (Cic),
2826 703 3059 770 Medea

567 813 789 880 fratris
855 815 1140 880 membra
1207 815 1482 897 dissipat
1547 816 1739 899 (Ov.).
1811 817 1978 896 Quid
2038 816 2293 883 multa?
2336 815 2675 901 Dissipare
2739 824 2843 884 est
2910 835 3051 884 zer·

567 931 854 1009 streuen,
901 927 992 994 nil
1037 932 1398 1009 praeterea.
1467 929 1671 1008 Quam
1718 929 1798 996 ob
1845 949 1982 996 rem
2030 951 2171 996 cum
2219 951 2297 1006 ea
2341 933 2543 1026 modo⁴
2572 933 2824 1020 possint
2867 933 3057 998 dissi-

566 1041 726 1124 pari,
773 1059 940 1124 quae
987 1059 1024 1106 e
1070 1041 1406 1123 particulis
1479 1047 1548 1108 et
1613 1044 1717 1108 iis
1762 1044 2021 1126 quidem
2090 1047 2309 1112 multis
2382 1051 2679 1113 constant
2746 1052 2817 1111 et
2858 1045 3059 1112 veluti

569 1153 842 1222 conflata
873 1158 1044 1234 sunt,
1089 1159 1164 1218 ut
1207 1153 1418 1236 farris,
1465 1157 1770 1238 pulv'eris,
1818 1176 2163 1238 granorum
2208 1139 2444 1242 acervi,
2492 1179 2660 1225 unus
2684 1141 2821 1239 ille,
2870 1177 3060 1243 quem

569 1251 761 1350 apud
784 1265 1218 1334 Forcellinum
1263 1269 1560 1352 legimus,
1610 1271 1892 1351 Vitruvii
1938 1273 2137 1354 locuS,
2188 1274 2427 1358 quippe
2472 1275 2581 1355 qui
2613 1275 2695 1338 de
2727 1272 3058 1355 quadratis

568 1381 858 1447 turribus
930 1389 1160 1463 ageret
1228 1383 1540 1448 machinis
1611 1385 1891 1450 celerius
1954 1386 2347 1470 dissipandis
2380 1437 2395 1467 ,
2488 1387 2825 1472 quominus
2900 1387 3059 1470 haec

567 1499 1022 1577 statueremuS‚
1071 1497 1412 1562 videbatur
1457 1498 1734 1563 obstare.
1787 1499 1918 1564 Sed
1962 1519 2045 1564 ne
2090 1499 2203 1565 ille
2235 1499 2527 1582 quidem!
2574 1501 2735 1566 Nam
2767 1505 3059 1583 praeter-

568 1627 756 1690 quam
803 1608 971 1690 quod
1014 1609 1348 1678 Vitruvius
1393 1612 1518 1694 ipsi
1563 1611 1921 1678 Forcellino
1966 1614 2227 1679 insolita
2284 1613 2557 1696 quadam
2623 1615 2872 1680 ratione
2935 1614 3057 1678 hoc

567 1722 922 1805 dissipandi
968 1725 1164 1789 verbo
1209 1724 1322 1808 illo
1369 1725 1436 1789 in
1481 1726 1620 1791 loco
1653 1744 1808 1792 usus
1840 1744 1989 1791 esse
2022 1726 2383 1808 videbatur,
2430 1728 2523 1792 ita
2577 1733 2651 1792 ut
2704 1727 3059 1794 addiderit:

567 1837 728 1918 „hoc
775 1842 913 1904 est:
955 1836 1382 1921 perfringunt,
1431 1823 1929 1924 evertuntque,“
1978 1859 2105 1906 non
2137 1839 2382 1906 solidae
2418 1845 2604 1906 erant
2636 1847 2851 1906 turres
2882 1840 3057 1921 illae,

571 1963 784 2035 neque
829 1971 1028 2018 unum
1071 1957 1268 2035 atque
1314 1934 1711 2020 in'dividuum
1759 1955 2149 2020 cohaerente
2194 1955 2261 2019 in
2306 1960 2517 2020 semet
2588 1955 2733 2037 ipsa
2792 1949 3063 2022 materia

569 2084 800 2148 corpus
833 2063 1236 2146 efficiebant,
1283 2067 1398 2131 sed
1445 2085 1526 2130 ex
1569 2067 1819 2148 ingenti
1864 2068 2144 2150 partium
2176 2069 2762 2150 particularumque
2794 2085 3062 2134 numero

567 2178 897 2248 confectae
944 2186 1131 2246 erant
1175 2199 1250 2246 ac
1295 2179 1708 2264 compositae.
1758 2181 2069 2248 Poterant
2130 2183 2331 2264 igitur
2394 2183 2517 2247 hae
2562 2188 2805 2265 partes
2872 2188 3057 2264 quot·
3166 2230 3169 2234 -

570 2299 727 2377 quot
767 2292 1051 2375 fuerunt,
1098 2295 1162 2359 vi
1205 2295 1421 2377 aliqua
1466 2295 1532 2360 in
1579 2296 1808 2361 turrim
1855 2295 2039 2361 illata
2084 2294 2302 2361 divelli
2366 2315 2623 2361 rursum
2691 2315 2767 2360 ac
2830 2296 3060 2361 disiici.

575 2406 822 2488 Quibus
868 2401 1178 2490 dispersis
1226 2427 1302 2472 ac
1348 2407 1680 2475 dissolutis
1727 2428 1871 2474 cum
1916 2411 2059 2491 ipsa
2130 2410 2325 2474 turris
2388 2415 2637 2492 pereat,
2700 2411 2841 2474 iure
2888 2409 3065 2474 illam

573 2522 906 2588 Vitruvius
937 2521 1311 2605 dissipatam
1341 2528 1548 2598 vocat,
1594 2523 1773 2589 velut
1803 2522 2181 2588 disiiciendo
2214 2521 2511 2588 deletam.
2558 2523 2735 2602 Quae
2768 2541 2875 2587 res
2922 2541 3062 2587 cum

569 2635 664 2702 ita
710 2637 817 2716 sit,
864 2635 1061 2701 nihilo
1107 2635 1312 2717 magis
1357 2635 1478 2701 hoc
1523 2636 1662 2703 loco
1710 2627 2007 2716 efficitur,
2079 2642 2151 2700 ut
2215 2637 2301 2700 sit
2364 2637 2684 2719 dissipare
2748 2637 2919 2701 idem
2989 2655 3063 2700 ac

571 2734 976 2833 perfringere
1023 2752 1094 2815 et·
1136 2756 1434 2815 evertere
1482 2787 1564 2796 —
1609 2755 1881 2832 possent
1928 2751 2117 2830 enim,
2184 2767 2603 2832 quaecunque
2664 2748 2870 2814 fracta
2914 2755 3066 2815 sunt

574 2869 643 2930 et
687 2881 933 2944 eversa,
973 2863 1288 2946 dissipata
1330 2864 1643 2930 nominari
1715 2903 1798 2912 —
1868 2866 1986 2930 sed
2031 2870 2249 2929 manet
2315 2864 2465 2928 huic
2533 2863 2728 2929 verbo
2793 2863 3067 2946 pristina

575 2978 673 3044 vis
721 2994 796 3041 ac
844 2977 1020 3042 notio
1067 2975 1326 3041 delendi
1374 2978 1772 3044 disiiciendo.

783 3092 874 3156 Ac
917 3090 1386 3157 descendamus
1432 3110 1601 3156 nuuc
1649 3091 1908 3175 quidem
1958 3111 2035 3157 ex
2080 3093 2200 3156 hac
2230 3091 2521 3158 Romana
2566 3111 2765 3156 arena
2796 3094 2863 3156 in
2895 3109 3064 3156 cam-

574 3225 724 3289 pum
769 3201 1286 3290 palaestram'que
1335 3205 1748 3287 Graecorum,
1799 3207 1965 3271 unde
2012 3204 2265 3286 longius
2313 3205 2572 3287 paulum
2621 3204 2884 3270 deflexit
2932 3205 3063 3269 dis-

575 3320 862 3386 sertatio.
933 3311 1112 3398 Quae
1175 3320 1234 3384 si
1292 3319 1569 3401 longum,
1639 3320 1754 3385 sed
1824 3319 2071 3396 efficax,
2138 3327 2213 3387 ut
2258 3323 2497 3410 dicunt,
2572 3339 2687 3402 per
2760 3318 3059 3400 exempla

574 3433 705 3498 iter
749 3433 1146 3513 decurreret,
1212 3433 1506 3501 omnibus
1567 3433 1634 3512 in
1695 3434 1857 3498 locis
1903 3440 2173 3500 auctore·
2215 3425 2533 3499 Passovio‘
2582 3430 3067 3492 διασκεδαννύναι

575 3549 748 3616 idem
793 3567 871 3614 ac
913 3545 1375 3629 διασκορπίζων,
1423 3547 1764 3630 dissipare,
1812 3547 2000 3614 facile
2035 3548 2219 3613 nobis
2256 3523 2795 3630 persuaderemus
2830 3546 3065 3623 valere,

569 3664 698 3746 ,hoc
742 3683 869 3730 uno
915 3663 1144 3730 Avium
1188 3680 1382 3728 versu
1443 3662 1759 3730 communi
1822 3662 2099 3756 omnium
2172 3663 2475 3727 virorum·
2525 3661 2854 3726 doctorum
2922 3677 3069 3724 oon-

577 3795 773 3843 sensu
820 3782 1108 3859 excepte.
1154 3773 1293 3842 Hoc
1340 3777 1531 3856 enim,
1593 3775 1911 3858 inquiunt,
1979 3777 2045 3840 in
2091 3793 2293 3853 versu,
2347 3777 2640 3836 διασκεδῶ
2710 3779 2814 3838 est
2860 3770 3068 3852 διάξω,

576 3887 902 3971 διαῤῥήξω,
972 3889 1280 3972 frangam,
1347 3890 1791 3954 comminuam.
1869 3889 1957 3954 At
1999 3904 2322 3972 nunquam
2390 3888 2545 3968 fuit;
2618 3905 2776 3969 pace
2845 3887 3071 3950 horum

579 4006 857 4072 virorum
904 4005 1204 4098 dixerim!
1250 4005 1451 4069 Immo
1496 4004 1891 4070 bellissimus
1935 3987 2285 4083 lususfflc
2314 4003 2498 4082 latet,
2548 4002 2656 4084 qui
2694 3999 3071 4066 umbratiles

579 4113 1029 4204 grammaticos
1075 4119 1414 4201 seriosque
1483 4109 1969 4203 lexicographos
2038 4118 2120 4211 ad
2154 4096 2385 4186 ‘unum
2454 4136 2674 4184 omnes
2746 4117 3069 4182 bellisime

579 4231 875 4300 illuserit.
919 4233 1214 4317 Namque
1261 4252 1404 4298 cum
1453 4235 1776 4300 ἐπίσκοπος
1821 4232 1931 4298 ille
1980 4237 2049 4296 et
2092 4232 2407 4314 imprimis
2454 4234 2649 4299 etiam
2696 4231 2857 4310 cadi,
2910 4249 3069 4312 quos

577 4351 758 4418 velut
809 4351 1068 4416 honoris
1133 4349 1316 4430 signa
1361 4366 1576 4413 secum
1647 4348 1967 4428 gestabat,
2038 4348 2269 4430 quibus
2319 4347 2399 4410 ad
2462 4365 2567 4426 ea,
2638 4361 2804 4426 quae
2845 4343 3067 4423 vellet,

578 4464 800 4534 statim
844 4469 987 4530 rata
1031 4462 1324 4528 facienda
1367 4466 1682 4542 uteretur,
1729 4459 2107 4542 iampridem
2177 4478 2379 4525 novae
2449 4459 2625 4524 urbis
2674 4457 3070 4522 conditorem
3152 4455 3157 4458 ’

583 4571 808 4646 omnis
857 4578 1222 4670 contionum
1260 4562 1262 4564 ’
1305 4577 1815 4659 iudiciorumque
1906 4575 2263 4657 patriorum·
2328 4573 2629 4638 miseriae
2669 4625 2675 4634 .
2714 4587 3069 4636 commone-

583 4693 896 4760 fecisse'nt
959 4693 1150 4775 eique
1212 4692 1408 4758 bilem
1472 4707 1873 4773 summopere
1943 4689 2317 4766 movissent,
2366 4688 2407 4766 ¹)
2454 4705 2577 4751 non
2626 4682 3071 4767 praetermisit

790 4911 843 4982 ι)
878 4929 926 4967 v.
964 4923 1042 4970 vs.
1064 4909 1220 4974 ‚1032
1253 4911 1454 4966 nanno.
1495 4905 1592 4964 οὐκ
1629 4903 2027 4974 αἷποαοβὴσειςς
2066 4902 2161 4962 οὐκ
2198 4901 2455 4960 ἀποίσεις
2490 4899 2565 4958 etesi
2604 4901 2791 4968 adom,-
