3609 5742
1763 1367 1774 1381 Ι
1855 1307 1994 1374 „Sed
2024 1323 2145 1360 cum
2178 1307 2338 1378 plura
2374 1307 2485 1365 sint
2521 1307 2762 1376 ambigui
2786 1323 3003 1376 genera,
3039 1310 3107 1380 de

1892 1395 2087 1462 quibus
2140 1398 2219 1449 est
2266 1395 2513 1472 doctrina
2550 1397 2791 1466 quaedam
2841 1395 3108 1460 subtilior,

1896 1483 2169 1536 attendere
2211 1485 2263 1537 et
2300 1483 2562 1552 aucupari
2600 1484 2761 1537 verba.
2786 1484 3101 1553 oportebit.“

2340 1577 2588 1632 Cicero
2628 1581 2707 1634 de«
2732 1596 2804 1633 or.
2841 1579 2907 1634 II.
2945 1581 3031 1636 63.

1823 1857 1871 1920 Ι.
1968 1857 1977 1866 ’

815 2085 918 2221 Si
964 2154 1106 2236 quis
1152 2172 1384 2234 graeca
1430 2153 1495 2217 in
1542 2151 2039 2234 Aristophanem
2086 2151 2329 2217 scholia
2375 2131 2717 2234 evolverit,
2765 2154 3095 2237 pleraque,

604 2285 769 2348 quae
815 2267 880 2330 in
930 2267 1069 2332 eius
1118 2265 1464 2332 comoediis
1509 2266 1705 2330 risum
1768 2265 1951 2330 nobis
1998 2271 2291 2346 movent,
2356 2265 2736 2332 scholiastas
2799 2267 2897 2332 his
2958 2267 3096 2334 fere

601 2378 816 2444 verbis
863 2399 1012 2457 USOS
1060 2380 1304 2446 videbit
1350 2380 1807 2462 explicavisse:
1858 2378 2077 2455 παίζει,
2124 2383 2404 2460 παρῳδία
2446 2385 2675 2462 χρῆται,
2739 2379 2923 2461 ἔλεγεν
2968 2378 3097 2443 άντὶ

597 2496 707 2554 τοῦ
755 2541 768 2556 .
817 2543 830 2557 .
880 2537 920 2566 .,
986 2491 1198 2554 παιδιά
1245 2497 1385 2574 ἐστι,
1449 2490 1720 2566 σκώπτει,
1787 2495 2082 2573 κωμῳδεῖ,
2148 2491 2289 2572 παρ’
2335 2491 2641 2568 ὑπόνοιαν,
2704 2492 2869 2574 παρὰ
2914 2518 3095 2574 προς-

597 2608 802 2665 δοκίαν
853 2610 1066 2690 τοῦτο,
1115 2603 1237 2667 ἀπὸ
1284 2610 1650 2686 μεταφορᾶς,
1696 2609 1921 2686 γελοίου
1968 2605 2153 2688 χάριν,
2216 2610 2600 2685 εἰδωλοποιεῖ,
2647 2601 2859 2688 ἥδιστα
2906 2609 3095 2670 διαλέ-

593 2742 768 2801 γεται,
827 2720 962 2779 δέον
1007 2723 1186 2781 εἰπεῖν
1231 2769 1246 2785 .
1293 2767 1332 2800 .,
1409 2723 1901 2799 περιφραστικῶς,
1968 2723 2295 2803 αἰνίττεται,
2358 2723 2724 2801 παρεποίησε
2783 2719 2851 2781 τὸ
2902 2717 3095 2802 ὄνομα

595 2829 714 2892 άπὸ
765 2879 782 2899 .
831 2884 843 2897 .
894 2878 944 2907 .,
1005 2830 1341 2914 διαβάλλει,
1400 2829 1692 2914 χλευάζει,
1756 2827 2109 2912 ἀμφιβόλως
2153 2833 2315 2924 λέγει,
2366 2831 2649 2915 διασύρει,
2697 2832 3091 2915 εὕφημισμός,

595 2943 957 3028 σαρκασμός,
1005 2943 1595 3036 άναγραμματισμός,
1667 2943 1933 3020 ἀστείως,
1982 2947 2310 3027 χαριέντως,
2358 2944 2731 3030 άλαζονικῶς,
2782 2951 3092 3028 φορτικῶς,

593 3058 1098 3142 άναμωκῶμενος,
1161 3063 1556 3139 παιγνιωδῶς,
1617 3059 2074 3138 κεκαλυμμένους,
2151 3058 2539 3140 κακεμφάτως
2584 3061 2745 3142 λέγει,
2808 3059 3095 3142 διλημμά-

589 3197 727 3244 τους
770 3176 983 3254 τίθησι
1021 3171 1219 3248 λέξεις,
1266 3180 1588 3256 κατηγορεῖ,
1650 3171 2047 3246 καθάπτεται,
2106 3171 2411 3254 γελοιάζει,
2480 3171 2645 3251 παρὰ
2691 3173 2934 3255 γράμμα
2977 3199 3091 3236 κω-

590 3291 800 3367 μῳδεῖ,
842 3286 1278 3370 χαριεντίζεται,
1325 3288 1821 3367 περιεσταλμένως
1866 3285 2141 3368 βούλεται
2190 3288 2385 3368 λέγειν,
2432 3271 2556 3358 τοῖς
2601 3289 2806 3367 μέσοις
2867 3286 3089 3372 ῥήμασι

588 3377 818 3484 χρῆται,
864 3405 942 3472 εἰς
987 3399 1054 3462 τὸ
1103 3398 1348 3483 αἰσχρὸν
1408 3399 1716 3483 ἀποτείνει,
1781 3399 2099 3482 ἐκακίζετο,
2159 3399 2599 3483 ὁνοματοποιεῖ,
2662 3400 3086 3482 παρεγραμμά-

589 3537 729 3591 τισε,
792 3513 1079 3590 ὀνειδίζει,
1146 3513 1501 3596 παρήχηται,
1549 3512 1839 3598 ἐχρήσατο
1886 3512 2050 3594 παρὰ
2095 3512 2163 3575 τὸ
2214 3564 2228 3580 .
2279 3559 2331 3588 .,
2400 3513 2477 3584 ως
2536 3512 2689 3593 πρὸς
2735 3561 2747 3574 .
2797 3561 2845 3590 .,
2916 3513 2995 3586 ῶς
3039 3519 3089 3576 εἰ

591 3627 786 3712 ἔλεγεν,
837 3629 916 3699 ῶς
963 3626 1516 3709 συκοφαντούμενος
1562 3675 1575 3689 .
1624 3675 1637 3688 .
1687 3676 1701 3691 .
1724 3675 1742 3704 ,
1812 3629 1933 3688 ἐπεὶ
1980 3627 2221 3709 ἔγκειται
2269 3679 2283 3694 .
2335 3678 2347 3693 .
2399 3674 2447 3703 .,
2497 3630 2762 3708 ἐπίτηδες·
2807 3626 3088 3709 συνήγαγε

587 3741 693 3814 τάς
739 3740 850 3805 δύο
895 3741 1096 3824 λέξεις,
1157 3747 1237 3812 εἰς
1281 3737 1527 3822 αὔξησιν
1571 3745 1674 3818 τῆς
1719 3744 2053 3822 κωμῳδίας,
2102 3745 2352 3823 κομψῶς
2408 3745 2479 3823 τῇ
2528 3740 2861 3823 ἀμφιβολίᾳ
2907 3742 3083 3825 ἐχρή-

588 3878 758 3931 σατο,
806 3855 916 3918 δύο
965 3860 1185 3927 ἐννοίας
1231 3853 1362 3938 ἔχει,
1409 3854 1683 3937 βούλεται
1726 3859 1921 3930 εἰπεῖν,
1969 3859 2177 3926 διττῶς
2206 3855 2464 3936 νοητέον,
2512 3859 2593 3925 εἰς
2635 3853 2704 3916 τὸ
2735 3901 2748 3916 .
2781 3902 2819 3931 .,
2866 3859 3081 3939 τροπῇ,

585 3973 842 4050 εἰρωνείᾳ
886 3975 1112 4052 χρῆται,
1158 3975 1583 4049 προςποιεῖται.

800 4084 978 4164 Quae
1027 4083 1208 4168 copia
1254 4082 1594 4150 verborum
1641 4082 1858 4148 inesse
1904 4081 2141 4164 aliquid
2189 4082 2444 4148 ridiculi
2488 4085 2555 4148 in
2601 4087 2832 4166 poeitae
2878 4085 3081 4151 versi-

586 4196 705 4262 bus
753 4195 1266 4280 significantium,
1315 4215 1696 4279 quamquam
1755 4215 1894 4261 rem
1937 4195 2171 4260 leviter
2214 4195 2557 4277 attingenti
2604 4197 2859 4262 videtur
2903 4195 3081 4263 suffi-

590 4329 757 4392 cere,
821 4317 897 4376 ut
942 4311 1045 4376 vel
1104 4309 1480 4377 facetissimi
1541 4310 1875 4393 scriptoris
1936 4308 2206 4377 facetias
2270 4329 2489 4376 omnes
2550 4310 3077 4401 iis-denotemus,

585 4428 836 4489 tantum
904 4428 1119 4490 tamen
1186 4423 1406 4504 abest,
1493 4430 1566 4488 ut
1631 4423 1891 4506 propria
1935 4407 2223 4506 ‘singulis
2280 4423 2658 4489 facetiarum
2731 4424 3075 4506 generibus

586 4536 842 4602 nomina
902 4537 1055 4603 dare
1117 4537 1453 4620 possimuS,
1522 4542 1596 4601 ut
1655 4541 1849 4619 poeta
1905 4536 2188 4620 undique
2252 4542 2319 4602 et
2380 4533 2448 4602 in
2511 4556 2729 4603 omnes
2794 4538 2973 4604 velut
3036 4558 3072 4604 e

592 4652 812 4733 copiae
860 4670 1054 4716 cornu
1103 4651 1272 4717 sales
1322 4671 1471 4717 suos
1534 4652 1917 4733 dispergens
1965 4656 2033 4715 et
2098 4639 2290 4716 rebus
2360 4652 2517 4734 ipsis
2588 4653 2960 4734 spectandis
3008 4658 3076 4718 et-

584 4764 1032 4829 vocabulorum
1077 4765 1179 4831 vel
1226 4766 1398 4830 sonis
1445 4765 1548 4831 vel
1594 4764 1935 4830 sententiis
1966 4782 2084 4848 per
2117 4765 2291 4830 mille
2322 4762 2559 4847 figuras
2590 4765 2820 4830 ludens
2853 4765 3071 4832 irritos

493 4893 532 4942 .·
582 4877 721 4946 fere
769 4897 987 4946 eorum
1034 4879 1287 4946 labores
1335 4880 1585 4962 reddat,
1634 4880 1743 4963 qui
1788 4879 2059 4962 gemmis
2121 4879 2249 4944 illis
2302 4879 2375 4943 in
2440 4879 2697 4944 ordines
2760 4878 3069 4960 quosdam

2662 4985 2693 5046 1
2724 4984 2759 5024 *Β

1273 5315 1705 5427 108028
