3609 5742
1884 535 1959 602 14

669 698 1016 782 Εὐριπίδης·
1127 700 1243 766 οἶδ’
1289 698 1500 784 ἄνδρα,
1547 707 1758 770 Μυσὸν
1804 711 2096 792 Τήλεφον.
2165 691 2349 776 AJK.
2439 711 2533 771 ναὶ
2584 709 2869 792 Τήλεφον,

1125 815 1340 880 τούτου
1387 818 1496 890 δὸς
1538 819 1831 904 ἀντιβολῶ
1878 826 1949 886 σε’
1988 848 2093 904 μοι
2138 821 2213 885 τὰ
2262 820 2590 904 σπάργανα.

669 924 1016 1012 Εὐριπίδης·
1133 925 1181 992 ὦ
1225 939 1356 1007 παῖ,
1396 932 1504 1006 δός
1544 933 1707 1042 αὐτῷ
1761 939 2033 1018 Τηλέφου
2082 935 2406 1020 ῥακώματα
2558 925 2565 930 ⁵

1001 1128 1020 1138 -
1125 1051 1306 1109 κεῖται
1351 1045 1406 1109 δ’
1454 1030 1691 1112 ἄνωθεν
1733 1055 1851 1111 τῶν
1902 1053 2229 1116 Θυεστείων
2274 1054 2486 1132 ῥακῶν,

1122 1157 1340 1238 μεταξὺ
1386 1170 1502 1222 τῶν
1545 1161 1737 1236 Ἰνοῦς.
1783 1163 1918 1227 ἰδοὺ
1966 1168 2131 1228 ταυτὶ
2174 1166 2343 1245 λαβέ.

667 1266 1068 1342 Δικαιόπολις·
1121 1265 1172 1336 ὦ
1215 1277 1334 1335 Ζεῦ
1387 1273 1610 1338 διόπτα
1649 1281 1747 1338 καὶ
1792 1273 2063 1341 κατόπτα
2108 1283 2398 1362 πανταχῆ,

1125 1384 1610 1450 ἐνσκευάσασθαί
1647 1388 1708 1469 μ’
1757 1385 1887 1452 οἷον
1932 1390 2311 1454 ἀθλιώτατον
2357 1395 2476 1457 κ-τλ.

879 1498 1124 1577 Quibus
1171 1500 1326 1582 quid
1370 1508 1589 1584 potest
1635 1522 1783 1569 esse
1830 1507 2035 1587 magis
2081 1506 2461 1572 ridiculum?
2506 1506 2767 1570 Etenim
2817 1526 2957 1572 cum
3005 1507 3162 1574 dicit

669 1600 716 1666 ὦ
761 1611 880 1672 Ζεῦ
927 1608 1146 1689 διόπτα
1191 1614 1288 1675 καὶ
1335 1613 1604 1678 κατόπτα
1648 1623 1917 1700 πανταχῆ
1964 1655 2043 1666 --
2081 1638 2245 1702 quae
2290 1621 2410 1686 hoc
2454 1620 2594 1685 loco
2638 1620 2967 1702 precantis
3014 1639 3161 1686 esse

671 1722 746 1788 A.
794 1723 1146 1790 Muellerus
1190 1726 1329 1794 iure
1390 1729 1652 1810 negavit
1712 1767 1792 1777 —
1862 1730 2139 1797 laceram
2200 1738 2447 1798 vestem
2492 1733 2859 1815 Dicaepolis
2908 1733 3161 1800 extollit

677 1840 746 1901 et
812 1835 1128 1904 foramina
1198 1839 1337 1922 eius
1408 1840 1800 1926 fissurasque
1870 1845 2160 1926 miratur,
2230 1865 2347 1930 per
2410 1865 2574 1928 quae
2644 1846 2890 1912 coelum
2956 1847 3163 1932 possit

671 1953 985 2039 aspicere.
1056 1955 1258 2036 Quam
1323 1957 1403 2024 ob
1477 1975 1614 2025 rem
1677 1978 1796 2026 nec
1876 1960 2261 2027 scholiastae
2322 1979 2660 2044 perperam
2736 1960 3160 2026 addiderunt:

672 2064 858 2128 ταῦτα
905 2090 1108 2159 (macr,
1143 2067 1270 2130 ’ἐπεὶ
1317 2069 1652 2151 πολύτρητα
1698 2066 1768 2154 ἦν
1797 2071 1874 2134 τὰ
1920 2071 2113 2155 ῥάκια,
2162 2072 2238 2134 δι’
2287 2067 2366 2134 ὧν
2410 2067 2481 2155 ἦν
2526 2071 2720 2136 πάντα
2766 2077 3165 2154 ἐπισκοπῆσαι

674 2186 744 2247 et
788 2181 1060 2249 dilectus
1107 2185 1259 2249 mihi
1327 2191 1589 2268 praeter
1649 2205 1870 2252 omnes
1915 2186 2262 2268 Berglerus
2325 2188 2641 2270 duplicem
2688 2189 2877 2254 huius
2936 2205 3162 2253 versus

673 2297 1061 2362 sententiam
1105 2297 1198 2362 sic
1244 2304 1462 2368 nostro
1508 2318 1804 2366 sermone
1850 2302 2129 2366 reddidit
2176 2302 2670 2367 venustissime:
2754 2301 2846 2380 „0
2894 2301 3160 2383 Iupiter,

675 2408 784 2489 qui
851 2410 1059 2475 omnia
1119 2412 1432 2494 perspicis
1503 2417 1571 2477 et
1644 2404 2035 2495 speculariS,
2086 2434 2271 2498 quam
2351 2415 2733 2496 perspicuae
2815 2419 2965 2478 sunt
3040 2413 3160 2480 hae

675 2528 893 2587 vestes
971 2530 1054 2590 et·
1112 2523 1538 2606 perforatae.“
1596 2527 1826 2592 Insunt
1887 2546 2037 2593 vero
2105 2529 2265 2594 haec
2334 2529 2545 2594 omnia
2602 2527 2668 2592 in
2743 2527 2899 2609 ipsis
2946 2527 3162 2591 verbis

675 2631 927 2715 διόπτης
1001 2643 1070 2736 et
1142 2635 1454 2717 κατόπτης.
1527 2640 1692 2705 Nam
1753 2642 1810 2705 si
1872 2641 1990 2707 hoc
2053 2641 2188 2706 loco
2247 2641 2495 2724 Iupiter
2554 2659 2693 2705 eam
2755 2641 2833 2705 ob
2910 2658 3164 2704 causam

675 2767 713 2812 a
737 2747 1191 2833 Dicaeopolide
1223 2751 1470 2832 ὃιόπτης
1494 2753 1747 2835 dicitur,
1784 2754 1954 2837 quod
1985 2759 2200 2819 vestes
2236 2755 2451 2835 etiam,
2487 2773 2643 2837 quas
2677 2772 2926 2818 sursum
2962 2751 3163 2832 tollat,

676 2863 883 2944 possit
925 2864 1317 2947 perspicere,
1354 2863 1632 2932 ‘laceras
1679 2867 1823 2932 illas
1886 2868 2144 2934 extendi
2190 2868 2557 2934 necessario
2608 2867 2951 2948 colligitur.
3028 2865 3165 2930 Nec

675 2981 891 3041 tamen
936 2983 1168 3042 natura
1236 2980 1695 3062 quodammodo
1765 2981 1888 3046 hae
1950 2999 2141 3048 voces
2204 2982 2539 3062 ambiguae
2600 2987 2751 3045 sunt
2821 3017 2901 3024 —
2971 2979 3160 3043 immo

676 3094 892 3154 certas
959 3091 1199 3156 dixeris
1251 3091 1654 3176 minimeque
1716 3095 1941 3159 dubias
1999 3135 2077 3144 -
2138 3094 2269 3160 sed
2337 3113 2558 3175 causa,
2636 3098 2903 3176 propter
2971 3110 3160 3174 quam

592 3248 597 3254 -
658 3201 916 3293 'Iupiter
948 3201 1196 3282 διόπτης
1219 3207 1316 3265 καὶ
1341 3204 1640 3286 κατόπτης
1658 3211 1925 3289 πανταχῆ
1951 3207 2079 3273 dici
2106 3208 2332 3289 possit,
2363 3209 2624 3290 opipare
2650 3206 3159 3289 decipiebamur3

675 3315 951 3382 ridicula
996 3317 1164 3382 enim
1199 3324 1341 3385 erat
1371 3326 1634 3403 praeter
1667 3322 2052 3404 opinionem,
2098 3340 2226 3386 non
2261 3321 2452 3404 seria,
2501 3326 2573 3385 ut
2606 3317 3156 3402 exspectabamus.

670 3429 836 3496 Hinc
881 3431 1079 3513 igitur
1121 3431 1241 3499 hoc
1287 3433 1423 3499 loco
1470 3452 1594 3498 non
1642 3435 1909 3500 duarum
1956 3434 2209 3499 illarum
2269 3452 2511 3512 vocum,
2581 3434 2698 3498 sed
2764 3433 2966 3498 totius
3013 3450 3155 3498 ver-

671 3562 781 3610 sus
827 3546 1153 3628 pendebat
1197 3545 1598 3628 ambiguitas,
2762 3615 2767 3618 .

879 3657 994 3745 (5.)
1019 3660 1117 3725 Ab
1149 3659 1268 3725 hoc
1291 3659 1666 3724 facetiarum
1696 3679 1958 3742 genere,
2001 3662 2168 3743 quod
2208 3665 2409 3725 totum
2435 3663 2733 3726 versatur
2756 3661 2823 3724 in
2847 3657 3156 3740 ambigui-

669 3777 826 3853 tate,
858 3770 1047 3854 longe
1069 3771 1318 3837 alienus
1353 3778 1455 3839 est
1483 3773 1801 3854 genuinus
1834 3772 1943 3838 ille
1990 3775 2435 3840 verborum
2479 3773 2735 3839 lusus.
2782 3771 2904 3851 Qui
2936 3747 3155 3855 quaml

671 3903 859 3967 quam
906 3903 1033 3951 non
1081 3890 1259 3951 caret
1303 3885 1435 3967 illa,
1485 3886 1600 3951 sed
1645 3905 1853 3969 paene
1886 3887 2187 3968 abundat,
2236 3878 2449 3953 tamen
2483 3886 2743 3952 sociatis
2776 3886 3156 3968 quibusdam

677 3991 1024 4066 virtutibus
1071 4003 1188 4082 tot,
1236 4004 1392 4082 quot
1437 3999 1518 4064 ad
1562 3999 1899 4064 ridendum
1946 3999 2290 4081 illecebriS,
2335 3999 2536 4082 priori
2583 3999 2675 4064 illi
2722 3999 2902 4064 lusus
2933 4001 3157 4080 generi

670 4109 858 4178 facile
904 4118 1213 4197 praestat.
1577 4123 1586 4130 ’
1912 4121 1918 4126 “

878 4225 1136 4292 Etenim
1181 4228 1238 4292 si
1282 4227 1426 4309 quis
1473 4226 1646 4292 dicat
1688 4222 1789 4286 ὑπ’
1840 4223 2071 4302 ἀνδρῶν
2114 4229 2389 4305 πονηρῶν
2434 4223 2742 4309 διώκομαι,
2789 4229 2901 4289 aut
2944 4223 3157 4304 fugam

671 4340 1059 4423 hostiliaque
1106 4340 1313 4406 innuit
1355 4346 1469 4406 aut
1511 4338 1825 4423 postulari
1872 4357 2018 4404 sese
2050 4339 2130 4404 ab
2175 4339 2387 4422 aliquo
2435 4346 2503 4404 et
2546 4339 2612 4404 in
2656 4340 2758 4404 ius
2787 4339 2925 4422 rapi
2959 4339 3159 4420 signi-

673 4453 841 4530 ficat.
891 4455 1074 4535 Quod
1103 4456 1355 4522 etiamsi
1402 4454 1698 4520 videatur
1726 4453 2111 4534 ambignum,
2160 4453 2214 4518 si
2260 4453 2420 4520 haec
2464 4454 2603 4520 sola
2646 4453 2845 4519 verba
2877 4458 3156 4536 specteS,

673 4569 942 4652 reliquis
989 4574 1168 4636 certe
1214 4575 1451 4650 tamen,
1497 4586 1918 4652 quaecunque
1971 4571 2142 4648 sunt,
2189 4567 2490 4634 adimitur
2524 4568 2801 4634 sermoni
2848 4573 2916 4632 et
2946 4566 3157 4632 discu-

675 4683 838 4753 titur
867 4684 1105 4766 passim
1135 4683 1339 4750 omnis
1371 4681 1776 4764 ambiguitas·
1824 4681 1987 4748 Nam
2018 4681 2420 4760 alterutrum,
2470 4680 2579 4763 qui
2624 4681 2717 4746 ita
2758 4679 3157 4762 loquebatur,

678 4797 880 4866 voluit
920 4797 1232 4880 intellegi,
1279 4817 1410 4866 non
1455 4802 1814 4879 utrumque.
1862 4796 2049 4861 Unde
2096 4793 2187 4873 fit,
2234 4799 2307 4860 ut
2350 4795 2428 4877 is,
2476 4795 2587 4876 qui
2616 4812 2849 4876 graeco
2881 4793 3159 4859 sermoni

675 4911 765 4991 sit
808 4916 1130 5008 assuetuS,
1177 4929 1372 4990 unum
1416 4912 1601 4987 modo
1648 4910 1987 4984 verborum
2032 4908 2285 4980 illorum
2328 4927 2592 4980 sensum
2640 4926 2785 4982 esse
2832 4905 3016 4984 sciat,
3078 4905 3159 4972 de
